3142 5034
559 418 712 475 Paschal.
730 417 849 487 operis
866 415 936 473 Lib.
954 416 987 471 V.
1273 414 1336 482 291

207 610 330 677 uouissc
362 608 427 676 ism
459 607 554 673 finem
587 606 681 674 dubio
713 606 863 689 pependit
896 607 1008 673 natura
1041 604 1101 671 sub
1129 604 1339 683 terminans

206 732 349 780 summus
379 712 498 779 sedicet
529 731 607 795 apex
634 712 674 777 ad
696 710 821 775 inferna
842 710 1028 776 descendens
1052 726 1175 775 omnem
1197 708 1339 791 protinus

206 818 324 883 molem
352 832 459 881 secum
479 816 597 901 iugitor
622 815 790 881 inclinaret
819 818 851 881 iu
884 816 1018 879 mortem
1052 815 1144 894 atque
1177 812 1337 897 proprium

207 921 377 986 comitatus
406 921 562 986 auctorem
591 938 738 1003 praeceps
765 920 800 984 iu
822 920 916 986 chaos
936 918 1071 984 muudus
1094 916 1246 982 efflueret.
1283 918 1338 983 sed

184 1022 263 1089 silla
284 1022 385 1106 pietas
407 1023 585 1090 diuinitatis
607 1024 750 1089 inmensa
764 1023 950 1107 properabat
965 1022 1136 1087 clementer
1152 1021 1192 1087 sd
1205 1023 1336 1100 tartara,

206 1140 268 1209 quo
289 1125 414 1210 perdita
433 1122 622 1206 restitueret,
645 1144 708 1191 uon
730 1143 791 1210 quo
805 1125 956 1193 instituta
973 1126 1165 1207 deperderet.
1204 1122 1386 1207 cumquezt

205 1230 286 1296 'tolia
312 1232 474 1295 cernerent
503 1231 629 1303 euenire
660 1231 802 1313 pericula
833 1232 888 1313 qui
916 1230 1086 1295 Dominum
1118 1228 1204 1311 liguu
1238 1228 1338 1293 crucis

206 1333 382 1413 affixerant,
406 1352 603 1416 nequaquam
616 1351 782 1416 expauere
796 1328 964 1419 tornigus,
988 1334 1035 1397 tot
1050 1332 1220 1414 praesentis
1235 1333 1339 1397 metus

205 1437 350 1503 inaudita
370 1436 524 1521 prodigia.
561 1438 637 1520 quin
652 1439 778 1521 insuper
800 1456 872 1503 cum
894 1441 1004 1519 potum
1026 1436 1137 1502 sitiens
1152 1436 1336 1518 postularet,

171 1558 287 1607 rcuuus
316 1540 354 1605 de
381 1542 688 1625 plebeusquissimu
710 1544 873 1626 spongiam
893 1543 1014 1607 calamo
1030 1542 1137 1607 nexuit
1158 1545 1189 1606 et
1213 1543 1338 1606 acetum

205 1644 273 1709 cius
295 1646 341 1711 ori
363 1647 508 1729 porrexit.
546 1659 680 1729 oquam·
695 1644 883 1713 Iudaeorum
898 1646 1220 1729 meutiusquissimue
1235 1644 1339 1726 liquor
1442 1641 1445 1649 '

199 1746 269 1811 duic
289 1748 345 1812 ilio
368 1751 561 1826 conueniens,
584 1750 639 1832 qui
660 1750 827 1816 deteriora
840 1749 939 1815 secuti
961 1750 1013 1814 uel
1035 1748 1146 1814 infima
1170 1764 1224 1830 pro
1246 1748 1339 1829 culpa

205 1850 327 1917 scilicet
356 1850 549 1919 infidelitatis
564 1865 740 1917 'manzeres
766 1856 841 1919 suut
875 1852 999 1923 uocati!
1036 1852 1118 1917 siout
1147 1850 1233 1916 enim
1262 1850 1339 1916 uiua

206 1954 325 2034 suauis,
349 1974 423 2020 cum
436 1955 561 2021 ruerint
575 1955 628 2021 iu·
640 1957 764 2021 scotum
785 1956 880 2021 triste
890 1969 1057 2035 conuersa·
1075 1954 1196 2021 cunctis
1212 1972 1232 2019 a
1246 1972 1335 2019 msu-

171 2067 197 2123 rs·
206 2048 314 2123 sarum
335 2058 455 2139 poculis
477 2059 601 2141 repulsa
623 2058 862 2138 idotautur‚'ita
882 2072 959 2143 gens
974 2060 1035 2125 iata
1057 2059 1162 2123 ferulis
1178 2062 1211 2124 et
1226 2058 1334 2143 impia,

203 2177 286 2241 quse
307 2161 419 2243 priscis
441 2162 635 2247 temporibus
666 2164 730 2229 Dso
751 2154 922 2245 placuerat,
945 2180 1028 2238 nunc
1049 2161 1175 2227 odibilis
1192 2166 1224 2227 st
1238 2161 1334 2227 nimis

205 2265 253 2329 est
276 2264 454 2329 execranda.
872 2262 875 2271 '
1049 2276 1054 2281 '

249 2383 294 2449 Vt
316 2402 388 2471 ergo
410 2385 519 2453 beatae
541 2386 694 2451 Dominus
716 2388 820 2452 omnia
840 2386 991 2469 passionis
1013 2386 1169 2469 impleuit,
1196 2384 1334 2451 animam
1347 2385 1387 2447 22

205 2489 346 2571 protinus
376 2507 464 2555 suam
496 2493 604 2555 sancto
632 2492 671 2555 ds
699 2508 826 2573 corpore
855 2492 964 2556 uolens
990 2492 1057 2573 ipse
1086 2488 1239 2571 deposuit,
1262 2488 1335 2553 tam

171 2592 383 2680 souoluntario
401 2581 517 2658 'rursus
550 2594 616 2677 ipso
641 2598 833 2677 sumpturus,
857 2598 893 2659 ut
915 2594 1000 2673 fecit,
1025 2595 1170 2676 queniam
1193 2596 1336 2658 mortuus

197 2695 333 2777 cuidem
347 2688 454 2762 fuerat
472 2696 527 2761 sod
542 2690 689 2776 'uidebat
717 2696 865 2764 membris
888 2682 1076 2763 obeuntibus
1091 2712 1152 2762 nou
1167 2696 1336 2761 diuinitate

206 2797 383 2865 defunctus.
421 2794 603 2865 audiamus
619 2795 666 2865 ei
688 2799 753 2865 sius
786 2797 918 2885 persona
933 2796 1104 2865 'iohannes
1137 2800 1335 2886 euangelista

205 2902 279 2985 quid
301 2893 430 2988 referst3
453 2904 499 2968 ait
513 2904 597 2968 euim
625 2898 787 2969 Dominus
806 2889 847 2970 ad
869 2904 1037 2987 discipulos
1061 2922 1147 2969 suos:
1170 2904 1335 2985 propter

224 3091 787 3213 ‘mummmm”'
855 3102 948 3113 ”’

255 3330 407 3384 2summis
430 3331 465 3385 H
562 3332 768 3386 4commitatus
787 3332 815 3385 B
917 3306 1024 3389 cffn⁶erdr
1042 3334 1081 3401 Β,
1112 3331 1268 3387 affluereto

204 3416 394 3471 drestituerat
410 3417 445 3471 Η
530 3433 582 3471 uon
601 3418 664 3488 quo]
683 3417 724 3482 R,
755 3434 808 3487 quo
827 3434 896 3473 cras,
914 3420 958 3485 H,
985 3436 1070 3475 occo
1159 3436 1195 3473 ns
1213 3432 1338 3475 sronsrn

203 3535 264 3575 curs
282 3534 370 3574 rouro
389 3534 438 3575 orer
455 3510 506 3575 x-rr
522 3536 670 3575 coruscus
686 3522 728 3588 R,
754 3540 805 3577 om.
824 3523 875 3577 Hc
974 3522 989 3577 7
1007 3524 1132 3592 periculis
1150 3540 1218 3595 quse
1236 3522 1269 3579 H

203 3606 222 3659 8
248 3608 457 3675 expaucrunteos
477 3608 555 3675 sigua
581 3607 625 3673 H,
661 3611 832 3677 expauerunt.
859 3609 881 3664 0
905 3609 983 3678 sigua
1010 3610 1070 3676 Bo,
1106 3610 1140 3665 ob
1164 3612 1241 3679 signa
1265 3611 1335 3664 coni.

205 3690 288 3748 Areo.
368 3692 527 3747 tinarditn
545 3693 573 3749 R
649 3694 695 3763 qui
714 3695 742 3748 B
820 3696 905 3749 s'cisus
923 3696 966 3749 Ηι
985 3697 1089 3763 (sitiens
1108 3712 1176 3751 corr.
1189 3714 1223 3751 uu.
1236 3698 1266 3761 2)

204 3773 239 3831 10
255 3774 412 3833 saeuisdima
428 3780 540 3834 HBc'
589 3781 633 3856 '11
651 3781 788 3835 iudeorum
808 3783 839 3836 B
927 3783 960 3837 12
978 3783 1119 3839 iufirmav
1212 3782 1244 3837 13
1263 3798 1337 3836 man·

205 3857 674 3933 zera]0,ecr'r.13,manriras1
759 3868 839 3938 euim]
859 3884 930 3923 croc.
949 3869 994 3937 H,
1026 3885 1076 3923 om.
1095 3869 1144 3923 Bo
1240 3870 1272 3923 15
1292 3884 1337 3937 po·

203 3972 271 4037 culis
288 3982 332 4051 H,
361 3986 467 4055 populis
485 3985 535 4041 Bo
638 3958 753 4056 taupeus
770 3988 864 4042 istu]
963 3989 1030 4043 issta
1051 3988 1085 4042 Η
1186 3989 1219 4042 16
1236 3962 1290 4044 nunc
1308 3993 1337 4056 (n

201 4070 225 4124 ‘tr'
239 4070 406 4138 m.'2)'R''
478 4072 513 4141 et]
533 4061 593 4127 curn
611 4074 653 4139 B',
680 4071 748 4129 'aco
852 4064 885 4129 ii
904 4076 954 4144 est]
974 4080 988 4127 t
1006 4092 1040 4129 m.
1058 4078 1078 4129 2
1095 4090 1183 4143 supra
1200 4076 1217 4129 t.
1236 4075 1271 4128 Η
1301 4110 1303 4115 «

206 4174 240 4226 18
257 4188 308 4229 7131
323 4188 423 4228 mmmm
441 4189 498 4230 snus
515 4175 588 4241 RH,
618 4175 742 4232 Christus
754 4178 865 4247 expirat,
880 4178 969 4231 uelum
983 4178 1078 4245 templi
1091 4177 1229 4243 scinditur,
1249 4180 1338 4233 sancti

191 4262 385 4327 resurgamus
468 4261 507 4316 20.
521 4262 578 4331 ipse
595 4278 723 4319 rursusu
756 4290 766 4313 .-
789 4268 1054 4333 presumpturos,
1074 4263 1218 4333 ipsocrus.
1237 4266 1271 4318 Η

204 4344 420 4414 21quidamH
518 4348 705 4419 usquin.

1176 4456 1234 4510 19*
