3142 5034
614 423 738 490 196
1624 420 1888 476 Sedulii

624 613 768 677 liter
814 610 1150 695 expediuit‚
1196 610 1447 676 Marcus
1516 611 1592 676 ut
1635 611 1731 676 leo
1776 611 2092 677 mirabilis
2137 630 2246 695 per
2297 613 2538 678 deserta
2566 612 2882 679 uocifera-

620 718 720 781 tne
792 715 1132 794 infremuit,
1200 714 1400 780 Lucas
1468 716 1839 782 sacerdotali
1905 716 2225 799 religionis
2294 716 2536 782 exordio
2601 717 2882 801 sumpsit

616 820 1099 885 &militudinem
1154 822 1227 885 de
1283 818 1544 884 iuuenco
1564 868 1581 898 ‚
1639 818 1944 885 Iohannes
1997 820 2242 903 aquilae
2297 820 2570 885 uolantis
2631 819 2880 901 impetu

620 925 854 989 caelum
914 921 1090 988 uerbi
1147 922 1480 988 maiestate
1534 923 1909 1004 penetrauit.
1981 923 2277 1006 quattuor
2319 924 2428 987 isti
2474 940 2751 1006 proceres
2799 941 2880 987 ac

616 1044 943 1109 praec-ones
989 1043 1115 1089 nna
1150 1026 1213 1090 te
1245 1043 1393 1091 uoce
1425 1029 1716 1091 canentes
1747 1043 1858 1091 ceu
1889 1029 2172 1108 tempora
2199 1026 2463 1091 totidem
2493 1044 2599 1107 per
2629 1024 2875 1090 latissi-
2927 1048 2958 1088 ⁵

616 1149 784 1193 mam
827 1130 1020 1194 totius
1065 1128 1229 1195 orbis
1261 1130 1625 1212 spatiantur*
1647 1129 1939 1212 effigiem.
1986 1131 2077 1195 sic
2105 1129 2432 1213 apostolici
2466 1146 2705 1212 quoque
2737 1127 2876 1192 cul-

616 1237 804 1301 minia
834 1235 897 1298 et
939 1234 1185 1298 honoris
1223 1234 1537 1299 duodenus
1569 1250 1723 1316 apex
1754 1252 1997 1316 semper
2025 1233 2327 1315 effulgens
2371 1233 2647 1298 numeris
2689 1233 2876 1296 horas

616 1337 906 1401 imitatur
950 1340 1008 1401 et
1055 1354 1323 1415 menaea,
1379 1341 1451 1401 ut
1497 1336 1680 1402 rebus
1725 1338 2013 1405 omnibus
2073 1338 2464 1422 congregatis
2509 1354 2706 1401 annus
2751 1334 2875 1401 tibi

616 1444 851 1506 militet
922 1439 1271 1505 uniuersus.
1348 1439 1493 1505 hinc
1562 1442 1758 1525 igitur
1832 1442 2087 1507 uetusta
2153 1456 2504 1505 memorans
2579 1439 2878 1522 antiquae

616 1545 835 1609 mortis
901 1544 1148 1610 exordia
1216 1562 1444 1610 nouam
1498 1563 1827 1627 properare
1893 1544 2161 1611 delector
2221 1546 2300 1610 ad
2353 1546 2570 1623 uitam,
2647 1543 2716 1606 ut
2761 1540 2877 1624 qui
2898 1567 2957 1605 ιο

616 1649 796 1713 fletus
842 1649 1287 1715 seminauimus
1330 1648 1400 1712 in
1446 1649 1651 1715 Adam
1694 1649 2005 1715 laetitiam
2048 1650 2359 1715 metamus
2402 1649 2470 1713 in
2515 1647 2761 1715 Christo
2807 1650 2878 1710 et

620 1752 970 1818 Daniticam
1032 1772 1380 1818 mereamur
1425 1751 1627 1817 dicere
1685 1753 2090 1819 cantilenam:
2152 1754 2284 1837 qui
2342 1752 2748 1819 seminant
2792 1751 2876 1816 in

620 1857 981 1921 lacrimis
1027 1858 1104 1921 in
1152 1856 1437 1941 gaudio
1474 1857 1789 1921 metent.
1835 1859 2110 1923 euntes
2154 1857 2384 1922 ibant
2428 1856 2503 1921 et
2546 1854 2871 1932 flebant,

620 1961 1043 2026 mittentes
1090 1960 1395 2026 semina
1437 1978 1594 2026 sua.
1653 1961 2075 2027 uenientes
2120 1961 2376 2025 autem
2421 1959 2750 2025 uenient
2791 1958 2873 2021 in

620 2063 1174 2143 exaultationa
1221 2065 1644 2146 portantes
1689 2062 2136 2147 manipulos
2181 2082 2373 2129 suos,
2897 2086 2981 2145 ιε,

826 2284 890 2338 12
931 2283 1130 2342 Psalm.
1168 2285 1285 2351 125,
1320 2286 1370 2341 5.
1406 2287 1439 2339 6

728 2497 752 2545 1
804 2466 1011 2547 castita
1046 2495 1202 2560 (corr.
1238 2509 1307 2547 m.
1346 2494 1385 2547 2
1421 2509 1491 2548 ex
1527 2494 1733 2561 desata)
1783 2494 1849 2547 H
2054 2464 2378 2547 uociferata}
2413 2491 2470 2544 P
2668 2490 2702 2544 2
2746 2490 2877 2575 ren-

620 2585 768 2682 ginia
804 2613 885 2681 R,
957 2614 1218 2684 religione
1254 2611 1330 2668 Η
1350 2614 1480 2681 fort.
1518 2615 1866 2670 sacerdotalis
1903 2614 2179 2683 religionis
2376 2613 2411 2667 5
2447 2614 2609 2667 unate
2646 2613 2688 2666 I
2707 2613 2879 2679 Gau„

620 2701 772 2753 unite
812 2700 961 2764 Par„
1031 2716 1142 2753 una
1177 2702 1234 2753 te
1277 2700 1388 2756 Col.
1425 2701 1590 2755 Arev.
1765 2701 2046 2755 cantantes
2081 2699 2152 2753 H
2154 2716 2187 2754 v
2225 2698 2319 2765 (cf.
2343 2714 2390 2753 v.
2419 2702 2547 2765 359)
2719 2700 2755 2753 6
2789 2715 2872 2753 or-

624 2789 704 2841 bis
744 2785 885 2852 RH,
956 2785 1106 2840 urbis
1142 2786 1198 2840 P
1364 2788 1692 2855 sparguntur
1725 2786 1828 2841 Ην
2013 2785 2043 2839 7
2080 2786 2152 2853 et]
2189 2802 2305 2841 ras.
2340 2786 2403 2840 in
2435 2785 2526 2851 H,
2565 2800 2664 2839 om.
2702 2802 2735 2841 v

620 2880 913 2962 duodenus?
929 2880 1136 2976 {emper
1170 2908 1229 2964 R
1410 2922 1566 2976 anpex
1591 2879 1781 2975 ⁸emper
1815 2907 1886 2961 H
1912 2922 2053 2962 corr.
2076 2922 2146 2961 m.
2170 2909 2210 2961 2
2396 2906 2670 2976 refulgens
2705 2922 2738 2960 v

620 2994 854 3049 numeris
900 2995 984 3063 (in
1030 3010 1205 3064 mam-9.
1245 2993 1373 3049 add.
1412 3010 1480 3048 m.
1518 2995 1580 3061 2)
1635 2993 1704 3047 H
1903 2993 1938 3046 8
1989 2992 2345 3064 congregatus
2397 2992 2467 3046 H
2666 2993 2700 3045 9
2753 2992 2875 3046 nni·

620 3101 788 3153 nereis
837 3098 901 3151 H
1100 3098 1283 3166 Igitur
1331 3097 1460 3150 hinc
1506 3096 1610 3151 Hv
1818 3095 1885 3149 10
1930 3094 2139 3149 exordio
2185 3096 2241 3149 P
2440 3082 2638 3164 gpfirare
2684 3096 2740 3149 P

628 3221 688 3273 12
744 3218 1006 3273 causticae
1062 3219 1122 3271 H
1323 3191 1553 3272 semin&
1613 3221 1670 3276 <n
1716 3234 1754 3272 a
1797 3234 1866 3270 m.
1914 3216 1971 3283 ε)
2025 3216 2096 3269 Η
2313 3216 2378 3270 13
2430 3216 2623 3270 hibant
2674 3216 2745 3269 H

624 3305 688 3357 14
728 3305 1033 3377 mittenttes
1066 3305 1122 3358 P
1328 3306 1393 3359 15
1433 3305 1577 3373 suos]
1614 3316 1873 3359 nnucn
1907 3318 2076 3358 mna
2111 3317 2326 3358 rnmvs
2361 3303 2417 3357 P
2613 3316 2879 3356 annon·

624 3405 788 3445 Lmnn
822 3404 1057 3447 ninive.
1110 3404 1409 3447 mmmvntr
1444 3404 1723 3445 cunm
1761 3404 1999 3444 sncvnm
2035 3389 2114 3455 R,
2169 3404 2271 3444 om.
2307 3388 2396 3453 H,
2468 3386 2703 3456 Explicit
2736 3386 2876 3441 liber

624 3477 823 3545 primns
859 3493 978 3532 cum
1015 3477 1266 3547 capitulis
1301 3477 1500 3532 ueteris
1534 3475 1847 3531 testamenti
1881 3492 1914 3530 v
