3142 5034
531 425 681 494 Remigii
705 427 884 496 expositio.
959 395 962 400 ι
1210 426 1273 495 355

144 623 175 679 et
204 618 350 693 colligitur
379 619 454 679 sicut
483 619 597 680 messis.
642 620 874 696 Dispeusuns
903 622 929 680 ·i·
958 620 1107 696 perficiens
1136 639 1167 681 s·
1198 639 1300 696 quaev-
1313 633 1416 674 nil-w

145 722 224 782 circa
246 723 423 796 sepulturam
445 723 552 783 domini
575 727 669 785 erant.
708 724 893 799 Argolica
914 725 991 788 fids
1007 725 1035 784 ·i·
1052 725 1131 786 fideli
1145 715 1272 787 narrati·

146 843 199 886 one
232 825 343 900 angeli;
378 826 443 886 ideo
475 827 505 885 iu
536 826 630 901 specie
658 825 737 901 ignis
766 829 902 902 apparuit
930 828 1060 904 angelus,
1090 832 1122 890 ut
1151 831 1273 891 terreret

145 931 291 992 custodes.
338 929 485 1004 Sopitos
513 931 541 991 ·i·
573 932 758 993 dormientes.
803 931 966 992 llrnniae
1002 935 1070 992 sunt
1098 933 1273 993 uestimenta

121 1037 328 1094 smortuorum.
374 1033 528 1094 Soluere
561 1033 588 1092 ·i·
622 1034 768 1109 disligare.
815 1035 1030 1095 contectum
1063 1035 1088 1094 -i-
1123 1035 1272 1114 uestitum,

146 1139 319 1212 coopertum.
363 1137 576 1198 Derectsre
600 1138 626 1197 ·i·
650 1140 777 1212 portare.
802 1137 861 1197 Fur
876 1155 1022 1213 nunqnam
1045 1137 1142 1213 diligit
1158 1156 1274 1202 moram.

146 1241 342 1299 Perituros
365 1238 430 1301 ἀπὸ
444 1248 560 1302 κοινοῦ
583 1244 629 1302 ost
650 1242 743 1316 figura
758 1242 818 1301 ·i·a
849 1242 1002 1302 communi.
1035 1241 1116 1302 Non
1137 1245 1225 1303 tuba
1247 1244 1274 1303 ·i·

146 1344 302 1416 lestiuitas,
326 1344 358 1404 in
374 1361 430 1418 qua
452 1344 522 1404 tuba
545 1344 659 1406 canitis.
694 1345 771 1405 Non
794 1346 932 1404 unctus
955 1347 983 1402 ·i·
1005 1348 1073 1404 tuus
1096 1361 1153 1406 rex.
1198 1345 1275 1408 Neo

146 1451 209 1506 tua
223 1447 391 1523 uictima,
419 1448 486 1523 quia
508 1449 538 1506 in
571 1449 703 1508 kalendis
725 1451 754 1508 et
777 1449 817 1508 in·
832 1448 987 1512 neomeniis
1009 1450 1036 1509 ·i·
1059 1450 1088 1508 in
1110 1467 1185 1510 noua
1207 1452 1276 1510 luna

109 1551 293 1612 refaciebant
314 1549 396 1610 Indoi
419 1552 554 1612 uictimas
577 1555 607 1611 et
628 1552 810 1627 elemosynas
833 1556 863 1612 st
885 1569 992 1627 magna
1008 1553 1151 1613 conuiuia.
1188 1555 1274 1613 Fus-

146 1657 229 1714 oato
243 1654 270 1712 ·i·
286 1654 446 1729 denigrata.
466 1655 657 1730 Synogoga
672 1655 795 1730 primum
812 1671 919 1730 sponsu
935 1657 1043 1718 Christi
1058 1657 1115 1717 fnit
1131 1661 1161 1718 et
1175 1660 1276 1732 postea
1402 1678 1407 1686 ·

146 1758 275 1817 odonello
297 1758 385 1818 idolis
409 1759 570 1819 adulterino
596 1759 680 1819 facta
701 1754 798 1820 estet
819 1762 852 1820 in
875 1760 936 1821 loco
959 1761 1040 1822 illius
1063 1759 1196 1820 Christus
1219 1760 1275 1821 sibi
1324 1781 1326 1786 ·

147 1860 269 1922 sociauit
291 1862 442 1923 ecclesium
465 1863 540 1922 siout
563 1863 710 1939 apostolus
734 1864 818 1924 dicit:
843 1862 1037 1938 Desponsauit
1055 1861 1110 1921 sibi
1126 1863 1274 1923 ecclesiam

145 1981 202 2023 non
232 1966 387 2024 habentem
416 1967 558 2026 maculam
587 1982 680 2040 neque
708 1983 817 2039 rugam.
856 1969 949 2026 Beata
971 1967 1054 2040 uirgo
1077 1966 1170 2026 Moris
1192 1983 1275 2040 prae·

110 2067 246 2141 insignat
270 2067 428 2140 ecclesium,
455 2071 523 2144 quis
545 2069 598 2128 illa
620 2072 702 2130 casta
722 2072 753 2129 et
774 2070 859 2145 uirgo
882 2070 939 2130 fuit
955 2071 1021 2130 ante
1037 2071 1151 2144 partum
1166 2070 1276 2144 etpost

146 2175 272 2248 partum,
287 2171 330 2231 ita
352 2173 475 2232 ecclesia
498 2171 616 2233 cottidie
632 2172 804 2246 spiritaliter
819 2172 894 2232 lilios
910 2172 961 2233 deo
975 2173 1071 2248 gignit
1086 2171 1116 2231 in
1131 2172 1276 2246 baptismo

147 2277 176 2333 et
198 2277 295 2334 tamen
319 2279 401 2335 casta
422 2279 573 2350 permanet
593 2276 659 2335 fidei
674 2276 856 2350 integritat.
895 2276 1107 2349 Dinulgans
1122 2276 1150 2334 ·i·
1165 2293 1276 2337 annun-

146 2380 239 2440 tians.
275 2379 340 2438 Hoc
355 2379 496 2453 poeticum
511 2382 565 2440 est.
603 2379 718 2439 Index
734 2380 761 2438 ·i·
777 2377 932 2440 indicatrix
948 2397 980 2440 ·s·
995 2379 1142 2439 redeuntis
1158 2379 1276 2442 christi.

147 2481 264 2541 Duobus
294 2481 443 2557 discipulis
471 2482 607 2544 euntibus
635 2482 668 2542 in
701 2483 853 2542 castellum
885 2485 992 2542 Emaus
1026 2482 1160 2557 apparuit
1189 2484 1218 2541 ot
1247 2483 1277 2542 in

112 2605 139 2645 so
149 2584 290 2645 frantione
306 2587 389 2659 panis
405 2604 435 2645 se
451 2587 670 2647 demonstrauit.
716 2587 855 2646 Obnsti
870 2587 895 2644 ·i·
912 2585 1012 2647 assati.
1049 2586 1100 2658 Ap
1110 2602 1125 2644 ο
1137 2586 1277 2645 statice

148 2687 175 2748 ·i·
198 2688 357 2751 incredule.
401 2688 566 2749 Thomas.
599 2689 723 2749 Thomas
756 2689 966 2763 iuterpretatur
993 2690 1124 2762 abyssus.
1171 2687 1277 2764 Didy-

148 2809 234 2851 mus.
269 2792 408 2867 Didymus
430 2794 640 2869 interpretatur
663 2793 766 2854 dubius
789 2793 835 2853 nel
858 2791 1031 2866 simillimus,
1057 2793 1124 2866 quia
1139 2809 1173 2852 ex
1195 2793 1278 2866 parte

147 2894 252 2954 similis
288 2899 351 2955 erat
379 2895 505 2956 Christo.
549 2895 693 2957 Limine
716 2897 743 2956 ·i·
766 2897 861 2957 ianne.
907 2895 1086 2970 Quisquis
1109 2913 1140 2955 ·s·
1164 2911 1276 2968 magus.

148 3000 206 3058 Ars
235 2999 348 3072 magica
375 3016 486 3073 semper
516 2999 580 3058 uult
607 3000 700 3060 latere
725 3002 754 3059 et
778 3015 923 3073 nunqnam
953 3000 1148 3058 demonstrare
1171 3013 1201 3056 se
1225 3013 1277 3058 nec

112 3118 251 3175 osmagus
275 3101 373 3176 diligit
394 3117 454 3178 eos,
477 3103 526 3176 qui
552 3103 703 3176 requirunt
727 3103 818 3162 ortem
844 3103 915 3162 eius.
960 3099 1132 3161 Pendula
1155 3101 1181 3160 ·i·
1205 3117 1278 3175 pen·

148 3205 255 3266 doutia.
289 3205 554 3279 rrucciuegam
570 3206 595 3266 ·i·
610 3206 714 3281 pisces,
730 3207 778 3280 qui
795 3207 824 3264 in
839 3204 973 3266 fluctibus
989 3205 1141 3278 nugantur.
1176 3185 1277 3264 Viarn

147 3308 178 3366 ·i··
199 3309 350 3382 rationem,
374 3325 430 3370 non
451 3313 536 3369 uocet
551 3327 569 3370 a
582 3310 728 3385 mysterio.
762 3309 833 3369 Rete
848 3309 964 3383 plenum
980 3308 1044 3370 fuit.
1069 3307 1187 3366 CLIIII.
1218 3309 1278 3367 Iste

148 3429 284 3471 numerus
300 3412 448 3487 significat
462 3430 614 3475 numerum
626 3414 789 3473 electorum.
824 3412 871 3471 Re
880 3413 914 3472 te
929 3410 1171 3486 praedicationem
1183 3411 1277 3487 uocat,

149 3516 218 3589 quic
247 3517 322 3576 sicut
350 3517 535 3590 resipiscis,
559 3515 601 3576 ita
629 3517 739 3576 animae
767 3517 880 3590 piorum
903 3514 1168 3588 praedicationibus
1191 3511 1277 3574 disci·

112 3619 280 3693 copulorum
302 3619 524 3693 coniunguntur.
568 3618 704 3692 Dignis
734 3637 766 3678 ·s·
789 3618 934 3681 fidelibus.
979 3616 1228 3678 concluditur
1251 3617 1278 3674 ·i·

150 3721 272 3795 capitur.
311 3723 390 3782 Siout
418 3723 463 3782 illi
490 3725 552 3781 rete
580 3723 721 3782 miserunt
742 3721 775 3780 in
803 3722 912 3793 dextra,
936 3720 978 3779 ita
1001 3718 1132 3779 Christus
1160 3734 1225 3777 suos
1248 3717 1278 3776 in

151 3826 270 3886 dextera
299 3828 381 3900 parte
410 3825 610 3886 beatitudiuis.
657 3824 768 3884 Vlnis
796 3823 822 3882 ·i·
846 3822 983 3887 brachiis.
1029 3822 1080 3881 Ad
1110 3820 1278 3893 uestigia

150 3929 178 3988 ·i‹
194 3929 394 3992 imitationem.
408 3929 513 3989 Olenos
528 3945 630 4002 graece
645 3927 769 3998 cubitus,
785 3927 854 3988 inde
868 3926 936 3986 ulus.
952 3925 1055 3986 dicitur
1070 3940 1139 3998 pars
1154 3923 1277 3983 brachii.

150 4033 260 4093 Vnam
275 4051 306 4092 ·s·
321 4033 415 4093 fidem.
439 4032 617 4094 Constare
633 4032 659 4089 ·i·
675 4047 850 4106 permanere.
874 4028 1058 4104 Allegoricot.
1077 4028 1188 4088 Piscem
1203 4043 1278 4101 aqua

252 4215 286 4270 13
304 4216 337 4270 cf.
356 4216 431 4270 Paul.
450 4214 485 4268 ad
503 4214 568 4285 uph.
587 4215 612 4280 ὃ,
630 4205 683 4267 27⁴

202 4388 374 4458 Perpultura
391 4388 442 4443 dire
459 4389 486 4442 A
590 4385 807 4440 iAHOIOENY
822 4387 850 4439 A
953 4385 984 4440 21
1004 4397 1114 4454 apyssns
1132 4383 1159 4435 A

1119 4485 1175 4542 23*
