3142 5034
279 411 348 478 218
783 403 920 459 saeuus

286 593 440 682 repperiri
461 612 555 679 quam
578 595 615 657 ut
643 592 736 659 illum
765 594 905 664 crederet
935 592 1011 658 licet
1039 592 1108 657 alta
1136 590 1281 659 sublimis
1307 576 1419 675 templi

285 698 415 784 lastigie
448 698 480 763 et
512 684 662 763 oecumen
690 694 804 761 excelsi
830 694 991 778 pinnaculi
1020 694 1103 759 saltu
1130 694 1300 761 formidare
1325 713 1419 776 prae·

283 801 382 885 cipiti,
412 802 468 884 qui
495 802 533 865 ut
562 798 665 883 planis
687 797 850 863 uideretur
871 797 905 861 in
928 797 1032 877 terris,
1056 796 1239 865 desummo
1262 798 1418 863 caelorum

282 923 355 969 arce
385 902 555 989 descendit,
586 902 624 967 de
647 920 707 985 quo
729 902 869 967 clamans
892 900 996 967 Dauid
1022 900 1114 967 dicit:
1138 902 1176 965 et
1198 899 1418 980 inclinauit

283 1006 416 1073 caelos
433 1009 472 1071 et
490 1005 708 1089 descendit,
727 1004 825 1071 simul
838 1003 1020 1071 humillima
1034 1002 1198 1069 continens
1214 1003 1246 1067 et
1261 1002 1418 1085 altissima
1440 1025 1454 1067 s

283 1129 346 1176 non
375 1111 568 1193 relinquens.
603 1109 701 1192 igitur
724 1108 897 1175 deficientis
921 1108 1084 1173 audaciam
1106 1106 1151 1171 sic
1174 1105 1321 1190 eloquens
1344 1124 1416 1189 par·

281 1214 364 1278 culit
392 1231 453 1279 uox
475 1213 599 1278 diuina:
623 1212 921 1294 scriptumest:
944 1229 1019 1277 uon
1042 1209 1267 1291 temptabis
1290 1208 1416 1289 Domi·

282 1336 375 1382 num
397 1317 516 1385 Deum
533 1319 651 1383 tuum.
681 1314 733 1380 hic
747 1314 917 1381 Dominum
934 1314 1097 1398 Deumque
1112 1330 1178 1378 sese
1196 1312 1262 1376 iam
1276 1311 1416 1394 pandens

281 1420 362 1485 tales
385 1436 457 1504 ergo
479 1419 565 1484 ultra
587 1422 717 1485 conatus
740 1417 906 1483 adsumere
927 1416 1075 1501 prohibet
1093 1416 1332 1498 temptatorem,
1354 1418 1416 1481 suis

165 1551 167 1554 ·
282 1541 339 1587 nos
354 1540 538 1587 ammonens
553 1522 624 1605 pius
640 1522 748 1587 doctor
764 1520 915 1605 exemplis
931 1520 1090 1603 spiritum,
1107 1522 1252 1585 uetustae
1268 1518 1451 1604 maligni-10

282 1625 359 1689 tatis
381 1624 546 1703 artificem,
568 1625 635 1690 illic
650 1626 796 1690 humanis
811 1624 920 1708 procul
939 1625 1031 1692 dubio
1050 1623 1208 1689 subiacere
1230 1620 1416 1706 uirtutibus,

281 1728 338 1793 ubi
372 1728 468 1817 fuerit
501 1729 586 1795 Deus
618 1726 819 1815 simplicitati
851 1728 921 1811 puri
957 1728 1057 1793 cordis
1089 1725 1225 1793 infusus.

231 1853 270 1915 lt
323 1847 382 1918 Ait
411 1868 484 1934 ergo
516 1847 661 1916 lectionis
690 1847 873 1917 instructio:
904 1849 999 1915 tuno
1027 1846 1198 1931 reliquit
1229 1864 1315 1912 eum
1336 1843 1415 1911 dia·

280 1951 413 2033 bolus,
437 1957 475 2016 et
497 1970 589 2019 ecce
612 1950 752 2035 angeli
780 1952 1044 2017 accesserunt
1067 1953 1106 2015 et
1126 1947 1415 2017 ministrabant

279 2054 325 2119 ei.
364 2054 491 2122 uidetur
518 2055 555 2120 ut
582 2054 716 2119 arbitror
741 2054 774 2119 iu
797 2052 856 2118 hoc
887 2052 1003 2121 diaboli
1034 2052 1185 2137 fugientis
1206 2052 1355 2119 abscessu
1379 2052 1448 2115 ets

279 2156 452 2224 ministerio
481 2159 707 2238 consequenter
740 2157 882 2242 angelico
920 2155 1079 2239 quandam
1108 2148 1266 2241 paschalis
1296 2153 1413 2239 glorias

277 2260 437 2326 declarare
470 2259 727 2343 praecedentibus
759 2258 860 2342 signis
888 2260 1069 2342 imaginem.
1109 2277 1182 2325 nam
1208 2257 1293 2325 sicut
1323 2258 1413 2323 uictis

279 2362 544 2446 temptationibus
574 2362 762 2447 depulsoque
793 2363 914 2429 diabolo
943 2362 1156 2446 praebuerunt
1185 2361 1292 2445 angeli
1321 2359 1414 2426 mini-

224 2458 228 2479 '
277 2466 411 2534 sterium
432 2464 598 2544 Saluatcri,
628 2466 673 2531 sic
695 2466 1102 2559 contumeliisludaeorum
1130 2466 1162 2530 et
1190 2464 1297 2547 poenis
1325 2463 1414 2529 beata

276 2568 377 2635 crucis
421 2569 563 2651 passione
600 2568 787 2651 contemptis
824 2568 963 2651 ipsaque,
1003 2568 1121 2635 diaboli
1161 2568 1285 2644 fmccu„
1314 2568 1447 2633 mortono

381 2805 515 2859 4Psa1m.
535 2804 577 2874 ιι,
595 2806 630 2859 ιο
733 2793 867 2861 arnaco.
885 2806 910 2870 4,
930 2806 945 2859 r
1051 2805 1245 2870 mausus,
1265 2806 1299 2859 11

331 3028 496 3083 lcrederere
513 3023 549 3083 H
636 3001 802 3083 iexcclsum
815 3028 878 3111 'Pe
897 3031 995 3083 um.2
1086 3028 1228 3097 penuaculi
1245 3030 1286 3095 Β,
1319 3028 1412 3098 pigna·

247 3112 346 3187 ¹culis
365 3133 453 3187 altum
471 3133 506 3197 P,
542 3132 695 3202 pinnaculis
713 3134 783 3187 salto
807 3132 851 3198 H,
887 3132 1015 3187 culminis
1033 3133 1090 3188 alto
1112 3133 1140 3187 Β
1243 3131 1412 3209 reformidare

276 3239 423 3305 (secaris)
441 3237 470 3293 R
555 3235 710 3292 saluatur
728 3236 766 3302 H,
794 3236 936 3291 uideturo
1021 3234 1268 3291 4olamat-dicit
1285 3236 1345 3290 ΗΒ

273 3343 305 3395 et
320 3340 390 3397 dicit
412 3358 432 3397 v
531 3341 550 3396 5
572 3339 609 3393 m
626 3339 764 3395 descendit
781 3341 809 3393 ei
826 3340 972 3395 inclinauit
989 3339 1076 3395 caelos
1099 3340 1178 3395 HBo
1282 3340 1300 3394 6
1322 3339 1410 3394 defici·

274 3426 352 3543 enim
369 3460 405 3515 H
417 3475 488 3515 corr.
506 3462 580 3514 Μ
682 3432 796 3542 pertulit
814 3459 841 3515 Β
944 3460 1039 3515 8eesc
1055 3460 1138 3514 ieme*
1159 3464 1196 3526 (se
1215 3463 1297 3525 cruc.)
1317 3459 1353 3525 Β,
1383 3475 1410 3514 se

274 3587 402 3625 esses.
470 3570 575 3640 9ergo
592 3573 703 3625 conatur
720 3570 872 3625 adsumeret
889 3570 917 3625 P
1020 3571 1054 3624 10
1079 3584 1128 3623 uos
1147 3585 1197 3625 om.
1214 3570 1253 3625 H
1354 3586 1409 3625 am-

274 3677 366 3729 monet
384 3673 420 3740 R,
450 3674 560 3727 imonet
577 3674 612 3728 H
706 3690 779 3743 spem
798 3675 827 3729 P
920 3674 1053 3727 uetustate
1070 3673 1109 3741 H,
1137 3673 1272 3729 uetustate
1289 3674 1343 3729 PB

275 3779 310 3832 12
326 3777 393 3832 hubi
410 3778 440 3832 P
532 3776 625 3848 fuerit]
643 3779 676 3832 iu
692 3794 779 3849 musy.
798 3778 899 3833 adiecit
917 3781 984 3833 ma
1002 3778 1034 3832 H
1129 3777 1159 3831 in
1174 3777 1180 3848 Ι
1195 3777 1301 3833 infusus
1319 3778 1347 3833 P

274 3873 308 3927 13
334 3888 371 3927 ou
397 3886 564 3927 mosoma
589 3886 711 3928 ausono
736 3887 844 3927 suenus
867 3885 1087 3928 massmannus
1111 3871 1140 3928 Β
1243 3872 1316 3942 ergo]
1341 3872 1409 3927 euim

273 3986 291 4023 o
394 3966 512 4037 reliquis
527 3967 581 4022 PB
686 3968 719 4021 14
736 3970 889 4023 acesserunt
907 3967 934 4023 Β
1039 3968 1072 4023 15
1094 3967 1137 4022 illi
1155 3966 1189 4021 H
1288 3968 1409 4036 sugentis

274 4063 314 4128 Β,
349 4062 488 4132 umenti·
511 4062 541 4117 Β
644 4077 754 4131 apoossu
776 4062 812 4118 H
837 4096 840 4101 -
912 4077 943 4115 ex
965 4062 994 4117 Β
1098 4062 1130 4117 16
1151 4064 1410 4132 consequenter1tor

271 4168 365 4220 estur
379 4165 423 4220 H¹
509 4165 637 4235 gloriaP
721 4166 753 4221 17
771 4152 949 4235 poedentisP
1032 4166 1180 4221 decimauit
1198 4166 1234 4221 H
1316 4168 1350 4222 18
1368 4166 1410 4221 de

273 4252 350 4321 pulso
371 4251 409 4321 qli
434 4252 469 4306 H
569 4253 719 4307 ministerio
746 4254 775 4308 P
875 4252 908 4307 19
935 4251 1028 4307 beatae
1054 4254 1106 4309 Hc
1209 4254 1244 4309 20
1267 4252 1362 4309 fraude
1383 4257 1410 4308 et

271 4338 338 4401 Bu;
366 4336 530 4403 fortitude
982 4336 984 4338 ’
