3142 5034
283 389 346 457 358
756 388 941 458 Appendix.

285 583 451 644 sacerdotes
472 583 663 656 portauoruut
683 582 801 642 arebam
827 599 879 657 per
902 598 951 642 sex
979 581 1050 655 dies,
1079 583 1110 642 in
1132 584 1255 657 septima
1277 588 1409 658 ceperunt

148 685 443 747 v.n-11ooiuitatem.
486 684 610 744 Aroma
635 684 694 744 dei
717 685 744 744 ·i·
766 701 832 746 aare
860 684 969 745 Christi
1002 685 1050 745 uel
1083 685 1211 746 eooloeia.
1257 683 1410 746 Vellere

283 806 315 850 u
339 789 411 860 eub3
456 786 492 848 da
525 786 640 847 (ieteon
673 788 810 862 loquitur,
844 789 892 862 qui
926 805 990 848 oum
1023 787 1111 848 uallet
1143 789 1280 864 proeliari
1315 793 1411 850 omtra

284 890 471 964 itatiauitae,
507 891 593 965 petiit
629 888 752 966 signum,
790 893 823 952 ut
859 893 937 952 eeeet
970 908 1017 952 ros
1054 909 1140 967 super
1176 892 1269 954 uellus
1308 893 1411 954 eiurata

285 996 364 1056 terra
400 995 430 1054 et
465 992 524 1054 alia
560 995 645 1056 neate
680 996 759 1056 oaeet
795 1010 844 1054 roe
880 1011 967 1070 super
1007 996 1115 1056 temam
1153 997 1260 1057 eiooato
1298 995 1441 1056 pelleres

286 1097 416 1158 Vineie
438 1115 473 1158 e·
493 1114 510 1157 o
532 1098 642 1173 Iephte.
672 1097 808 1160 Gentes
831 1099 857 1158 ·i·
880 1099 1069 1172 Madianitm3
1092 1101 1128 1160 do
1149 1100 1253 1175 Iephte
1274 1099 1412 1174 loquitur,

287 1201 337 1274 qui
358 1217 422 1261 oum
444 1203 579 1276 pergeret
599 1201 632 1261 in
653 1201 762 1264 bellum
784 1202 921 1276 promisit
941 1204 992 1264 deo
1008 1205 1077 1264 iare
1095 1203 1260 1264 immunera
1276 1202 1412 1278 quiequid

287 1304 410 1378 primum
432 1305 602 1379 inuenisset.
640 1304 694 1375 oui
717 1306 747 1366 et
767 1304 880 1365 iuuouit
902 1323 983 1366 euam
1006 1305 1097 1366 filiam
1115 1307 1229 1368 monuo:
1254 1306 1319 1366 Non
1336 1307 1414 1367 olau-

289 1406 354 1467 dam
376 1423 409 1468 os
431 1423 524 1467 meum
545 1423 630 1483 euper
651 1410 691 1480 te,
715 1408 767 1468 ead
790 1407 842 1468 deo
865 1409 1001 1483 implebo,
1023 1411 1097 1483 quod
1113 1409 1180 1470 dixi.
1212 1410 1319 1470 Tamen
1336 1409 1415 1470 dedit

289 1512 317 1572 ei
344 1511 469 1584 epatium
492 1511 568 1572 1111·
591 1514 741 1584 meusium,
772 1515 806 1574 nt
834 1512 948 1588 lugeret
970 1513 1169 1588 uirginitatem
1192 1531 1283 1574 eoam.
1324 1514 1446 1584 Quarum

288 1613 363 1674 hoo?
401 1613 475 1686 Quia
505 1615 552 1674 lex
584 1614 776 1676 maledicebat
806 1632 904 1676 omnes
932 1615 1065 1688 feminae,
1100 1631 1174 1690 qnae
1196 1633 1253 1676 noo
1275 1617 1416 1676 heberent

290 1733 394 1778 semera
437 1717 627 1780 Affeetum
648 1718 675 1777 ·i·
697 1718 889 1792 mentonem,
913 1720 982 1794 quia
1003 1719 1070 1794 plue
1092 1719 1194 1780 ditexit
1222 1721 1306 1780 deum
1333 1738 1417 1794 quam

290 1820 392 1884 tiliam.
427 1822 533 1882 Tulit
553 1822 580 1881 ·i·
602 1823 727 1885 atetulit
748 1841 780 1884 a·
803 1841 821 1884 a
842 1825 935 1885 nobie.
979 1825 1146 1884 Mandati
1169 1827 1195 1885 -i.
1219 1824 1364 1898 euangeiii
1385 1823 1418 1882 de

290 1943 366 1986 noua
386 1927 462 2000 lege,
485 1926 535 1986 uti
555 1927 678 2001 iegitur:
702 1928 732 1987 Si
747 1928 852 2002 euquie
868 1919 1042 2002 peroueeerit
1056 1932 1085 1988 te
1099 1928 1129 1987 in
1144 1927 1298 2006 maxillam,
1315 1927 1420 2002 praebe

291 2029 471 2094 eialteram.
516 2032 736 2094 'temerante
759 2033 975 2096 immolante.
1020 2032 1272 2093 uouentem
1295 2029 1449 2091 creduli-re

291 2136 384 2194 tatem
415 2136 502 2195 duros
534 2136 647 2209 luteos,
678 2135 751 2195 lieet
781 2153 882 2196 omues
915 2137 1116 2196 pretemptat
1141 2134 1226 2208 sigua
1258 2138 1419 2206 mouerent,

293 2239 343 2296 eod
366 2254 465 2298 omnes
487 2237 553 2297 duri
574 2238 656 2297 Iudai
674 2240 792 2298 eradere
805 2239 970 2299 notuerunt.
1008 2238 1112 2298 Tulit
1127 2238 1154 2296 ·i·
1168 2238 1279 2298 attulit.
1319 2237 1420 2297 Seru-
1519 2233 1520 2238 ’

293 2340 352 2399 nie
375 2340 405 2400 i,
426 2340 526 2413 generi
556 2340 685 2427 humano·
704 2358 769 2402 oum
792 2343 938 2401 deprimet
961 2343 1064 2401 afferre
1086 2356 1205 2415 poenes,
1241 2339 1344 2399 attulit
1372 2355 1420 2414 pro

293 2443 392 2517 poeuie
414 2459 543 2503 munera.
585 2441 689 2504 Tulit
709 2442 736 2501 ·i·
760 2445 911 2504 sustinuit.
960 2444 1055 2504 Vita·
1070 2444 1096 2503 ·i·
1114 2443 1259 2504 Christus.¹
1295 2443 1421 2502 Tarta·

293 2563 353 2605 rue
376 2545 406 2604 i·
426 2546 569 2618 informe,
595 2548 726 2607 tartaron
748 2547 855 2607 dieitur
876 2547 1063 2622 proiuuditae
1082 2546 1189 2607 infermi
1204 2563 1257 2621 apo
1273 2546 1452 2608 tartariaiure

294 2649 323 2709 ·i·
347 2667 365 2709 a
386 2649 525 2724 tremooa.
541 2649 610 2724 quia
631 2649 817 2724 profunditas
839 2651 961 2712 alieuius
976 2649 1018 2710 roi
1033 2653 1147 2711 tromet.
1192 2649 1381 2710 Profanue
1395 2650 1422 2707 ·i·

294 2752 398 2823 Adam,
419 2753 506 2825 quasi
527 2753 684 2828 aurilegus
712 2755 870 2828 pemanuo.
912 2755 1021 2814 Dura,
1034 2753 1061 2812 ·-i·
1083 2752 1195 2833 rebelli,
1218 2752 1290 2826 quia.
1309 2769 1343 2811 ex
1365 2751 1422 2810 illie
1529 2809 1530 2812 ,

296 2853 430 2926 dieeipuli
453 2853 516 2915 eiua
536 2855 666 2917 tuerent.
710 2856 865 2916 (instato
887 2857 914 2916 .i·
936 2859 1045 2932 potato,
1073 2856 1142 2930 qnia
1155 2873 1206 2931 pro
1222 2857 1324 2915 noetra
1339 2859 1422 2928 geute

296 2957 417 3030 sanguis
440 2958 502 3018 eiua
525 2958 581 3018 fuit
603 2959 711 3019 meane
733 2962 764 3018 at
786 2959 892 3019 cotidie
921 2961 1053 3033 potamus
1076 2977 1110 3019 ex
1132 2975 1173 3018 ao.
1218 2958 1424 3018 Enimuerat

186 3109 188 3112 Α
297 3060 325 3118 ·i·
347 3061 432 3122 ualde
454 3059 605 3135 ligauerat.
643 3061 776 3122 Vincla
799 3079 831 3122 a·
846 3061 978 3122 caritatis
994 3079 1025 3120 o
1042 3061 1181 3134 apostolis
1196 3063 1226 3121 et
1240 3060 1454 3136 martyribue,m

296 3181 367 3239 quoe
390 3182 450 3225 non
479 3165 615 3237 poterant
643 3164 784 3239 euppiioio
812 3167 932 3224 terrere.
976 3165 1111 3224 Hoetoe
1140 3164 1168 3222 -i
1196 3163 1307 3224 inimici
1336 3164 1423 3223 Iudai.

297 3267 501 3341 Properate
524 3267 681 3328 aduentum
702 3267 828 3328 iudioum
842 3267 968 3342 priorum
985 3268 1013 3326 ·i·
1029 3267 1243 3343 prophetarum
1276 3268 1427 3328 Mun-era

298 3374 428 3432 poetro.
447 3371 475 3432 ἁ·
497 3388 600 3446 oorpue
623 3375 654 3431 et
675 3371 845 3448 sanguinem
860 3373 1032 3434 nostrorum.
1067 3371 1235 3431 Priorum
1256 3387 1287 3428 m
1301 3370 1425 3444 prophe·

298 3475 404 3534 tarum.
448 3474 528 3534 Piie
558 3475 584 3534 ·i.
614 3477 737 3537 senatis.
780 3476 916 3536 Seotae
945 3475 974 3534 ·i·
1005 3475 1126 3535 hereeee
1160 3474 1266 3548 plenae
1297 3475 1366 3533 eunt
1397 3471 1426 3529 iu

299 3575 435 3638 eeclesia.
483 3576 596 3639 (torui
634 3579 660 3637 ·i·
692 3579 784 3654 impii.
829 3579 1003 3640 Columba
1037 3576 1063 3636 ·i·
1098 3578 1227 3638 eooieeia
1278 3576 1457 3648 Poeninae

300 3681 406 3742 dieitur
426 3683 570 3757 termera
591 3697 648 3742 non
661 3683 768 3742 raetos.
804 3680 908 3742 Vieio
931 3680 1042 3742 Christi
1055 3681 1246 3741 remuneratio
1262 3679 1318 3740 erit
1333 3678 1428 3740 eleetie

300 3789 330 3848 et
344 3788 494 3848 ommno
508 3785 646 3860 reprobis.
669 3785 837 3860 Spiritus
856 3784 976 3859 longum
989 3785 1077 3846 habet
1092 3785 1150 3862 epi7
1164 3785 1214 3845 eod
1229 3782 1333 3844 metuit
1347 3785 1430 3858 poeta

300 3905 480 3964 eorrumpere
501 3889 631 3963 regulam
653 3904 739 3961 quam
762 3887 887 3947 minuere
910 3887 1090 3948 Trinitatem.

406 4072 423 4124 9
441 4072 474 4128 of.
492 4071 578 4126 Iudio.
598 4073 639 4138 11,
657 4071 691 4124 36
795 4070 829 4126 14
846 4070 908 4124 Luo.
927 4071 951 4136 6,
970 4070 1004 4124 29

354 4243 549 4312 tinge-dmm
566 4244 595 4297 A
696 4242 714 4295 6
740 4240 816 4308 lepte
844 4241 871 4292 A
890 4239 951 4306 (oe)
1056 4239 1089 4294 15
1110 4241 1214 4292 moun&
1235 4239 1261 4290 Δ
1366 4236 1433 4292 2οι

302 4328 463 4396 portarriain
481 4329 508 4380 A
518 4348 553 4374 ι·
564 4327 619 4379 ἀπὸ
636 4327 805 4396 ταρταρίζειν
