3142 5034
574 476 724 545 Remigii
745 476 926 545 expositio.
965 451 970 478 ἱ
1255 473 1319 541 345

185 673 223 732 de
247 671 346 730 littera
368 671 477 730 transit
498 672 534 730 ad
548 671 711 744 spiritalem
734 673 923 733 intellectum.
957 672 1115 731 Amocno
1137 672 1164 730 d·
1186 669 1347 744 pulchros.
1362 683 1439 724 sc-es

185 774 330 833 Amoenus
359 774 440 833 locus
469 773 576 834 dicitnr
604 777 691 848 aptus
712 774 868 850 uoluptati.
913 776 1043 834 Palma.
1080 773 1181 834 Palma
1212 772 1319 832 dicitur

185 877 270 950 quasi
306 875 387 950 pacis
419 876 505 954 alma,
540 892 573 936 eo
607 877 682 951 quod
715 879 875 939 uictoribus
909 880 995 938 datur
1027 879 1075 938 uel
1106 893 1139 937 oo
1174 877 1248 950 quod
1282 875 1318 934 ad

186 976 404 1040 similitudinem
447 994 547 1038 manus
583 981 623 1039 sit
664 981 765 1040 insita.
821 983 860 1042 Et
895 982 968 1041 beno
1005 982 1099 1041 iustus
1136 979 1319 1053 comparatur

162 1085 309 1158 spalmus,
347 1081 415 1156 quia
450 1099 508 1143 non
545 1083 632 1143 habet
668 1085 764 1157 palma
801 1084 1001 1144 fortitudinem
1038 1085 1068 1143 ot
1100 1083 1319 1142 fundamentum

186 1187 218 1244 in
240 1187 346 1261 radice,
370 1186 446 1244 siout
467 1187 541 1246 oliae
563 1187 692 1262 arbores,
716 1188 767 1246 sed
785 1188 869 1247 exilis
884 1191 930 1249 ost
945 1189 1019 1248 etin
1035 1186 1199 1248 summitate
1221 1201 1319 1245 crassa

187 1289 283 1362 ibique
320 1289 409 1348 babet
444 1288 678 1362 fundamentum,
721 1291 764 1350 ita
801 1293 830 1350 et
867 1291 960 1350 sancti
997 1309 1057 1350 non
1093 1289 1251 1363 respiciunt
1288 1287 1318 1346 in

80 1438 83 1443 .
187 1393 295 1450 terram
324 1407 378 1451 nec
406 1394 507 1452 curant
530 1393 565 1451 de
592 1394 718 1452 terrenis
749 1411 782 1453 ·s·
810 1394 840 1452 in
863 1393 1038 1454 caelestibus
1068 1392 1179 1452 habent
1206 1407 1319 1450 omnem

186 1493 398 1557 fortitudinem.
441 1495 600 1556 Libnnns
623 1513 705 1556 mons
728 1500 773 1556 ost
796 1499 828 1557 in
850 1500 948 1572 Indua,
972 1499 1021 1557 ubi
1047 1497 1205 1558 nascuntur
1231 1493 1319 1565 cedri,

152 1597 346 1659 nobilissimae
369 1601 486 1659 arbores
508 1601 537 1658 et
559 1598 768 1674 interpretatur
791 1601 919 1661 Libanus
943 1601 1098 1661 dealbatio.
1136 1597 1318 1658 Tacendo:

188 1701 256 1776 quia
278 1703 397 1762 tacendo
420 1705 629 1763 demonstrauit
651 1716 683 1763 se
706 1707 816 1763 mutum
832 1721 906 1776 esse,
929 1719 993 1764 euni
1010 1704 1127 1764 solitum
1142 1702 1181 1762 sit
1195 1698 1319 1760 homini-

188 1805 242 1865 bus
264 1822 331 1864 suas
354 1805 540 1868 infirmitates
563 1808 704 1882 loquendo
719 1809 876 1868 declarato.
915 1807 1094 1868 Pharisei
1124 1805 1318 1879 interpreten-

188 1910 237 1967 tur
260 1907 356 1987 diuisi,
380 1909 430 1983 qui
452 1910 553 1970 merito
576 1911 700 1984 speciali
716 1912 882 1971 sanctitatis
905 1926 935 1969 se
959 1929 976 1969 a
998 1913 1093 1972 cetero
1115 1905 1221 1983 populo
1243 1905 1319 1966 diui·

189 2011 305 2073 debant.
338 2012 415 2071 Dioti
438 2029 455 2072 a
477 2013 588 2072 Pharos
611 2013 670 2073 filio
693 2016 790 2074 Indae.
830 2014 1054 2073 Incumbens
1077 2014 1102 2072 ·i·
1126 2014 1202 2072 retro
1226 2012 1317 2071 stans.

154 2114 389 2188 nsrlagrantc
418 2114 446 2172 ·i·
476 2117 565 2174 nardo
598 2116 724 2190 pretioso
757 2117 917 2177 redolente.
962 2117 1105 2176 Fouens
1134 2115 1159 2175 ·i·
1188 2131 1318 2189 ungens3

188 2219 276 2291 pedes
306 2218 416 2278 domini
438 2218 605 2293 significant
626 2220 689 2278 eius
715 2220 838 2279 homilia
859 2221 996 2292 membra,
1029 2220 1079 2280 ille
1101 2219 1188 2294 pedes
1211 2217 1319 2276 domini

189 2319 271 2380 lauat
303 2321 433 2380 lacrimis
465 2323 496 2380 et
529 2322 620 2395 tergit
646 2322 770 2397 capillis,
801 2323 851 2398 qui
879 2324 1053 2398 pauperibus
1088 2321 1262 2397 compatitur
1291 2322 1320 2378 ot

188 2425 391 2483 necessitatem
413 2424 528 2483 illorum
554 2442 635 2484 snam
657 2429 751 2499 putet.
785 2425 941 2499 Vugnonto
969 2427 1048 2486 louet
1070 2441 1119 2485 eos
1142 2441 1204 2484 cnm
1228 2423 1319 2482 bonae

189 2525 333 2599 opinionis
355 2528 469 2586 odorem
486 2527 521 2586 de
539 2544 569 2586 se
584 2529 702 2590 omittit.
736 2527 825 2588 Nulla
840 2529 919 2588 enim
934 2545 1036 2588 manus
1052 2543 1143 2587 uacua
1158 2545 1175 2587 a
1190 2543 1317 2595 munero,

152 2629 271 2690 aeonius
301 2647 369 2690 aroa
400 2629 494 2690 cordis
522 2631 608 2704 plone
635 2631 724 2691 fuerit
751 2632 826 2718 bone
854 2632 1015 2694 uoluntate.
1060 2631 1318 2704 Capharnaum

189 2733 295 2793 ciuitas
317 2737 361 2794 est
393 2735 424 2794 in
459 2740 553 2795 monto
576 2735 670 2795 Tabor
697 2737 802 2810 posita.
848 2736 1043 2811 synagoga
1071 2735 1178 2794 dicitur
1200 2750 1318 2805 congro·

190 2838 268 2910 gatio
297 2840 373 2898 sicut
401 2839 523 2898 ecelesia
550 2841 719 2900 conuocatio
749 2839 796 2898 nel
824 2842 991 2898 conuentus.
1026 2841 1099 2898 Erat
1121 2840 1220 2898 domus
1243 2836 1318 2911 apud

190 2939 305 3014 Indeos,
327 2959 400 3016 qnae
424 2959 574 3017 synagoga
596 2944 762 3014 uocabatur,
791 2943 820 3001 in
844 2959 929 3017 quam
952 2941 1160 3001 conueniebant
1183 2940 1228 3000 die
1252 2941 1318 2998 sab·

191 3041 251 3100 bati
275 3044 312 3102 ad
333 3045 505 3104 audiendam
529 3049 560 3104 et
582 3047 740 3106 docendam
762 3046 865 3120 legem,
890 3045 967 3104 siout
981 3061 1058 3103 nuno
1079 3043 1109 3102 in
1133 3043 1254 3104 ccclesia
1275 3041 1318 3101 fit.

154 3145 367 3205 neProteruo
390 3147 417 3205 ·i·
440 3148 583 3219 horribili,
616 3151 769 3222 proteruus
803 3148 909 3208 dicitur
941 3149 1026 3222 quasi
1055 3163 1139 3220 porro
1168 3149 1267 3205 toruus
1290 3145 1318 3205 ·i.

190 3247 274 3307 ualde
296 3250 453 3311 horribilis.
488 3251 577 3321 Quid
605 3252 710 3312 nobis
733 3255 769 3313 ot
791 3252 864 3312 tibi
886 3269 919 3311 ·s·
942 3267 1087 3310 commune
1109 3251 1155 3309 est
1177 3248 1225 3308 uel
1243 3248 1318 3323 qnod

190 3353 273 3411 nobis
295 3353 432 3427 pertinet,
465 3355 521 3412 cnr
541 3371 594 3414 nos
616 3355 724 3415 uenisti
745 3356 899 3429 perdere
922 3355 949 3412 i·
972 3355 1118 3413 damnare.
1148 3353 1193 3412 Et
1214 3367 1318 3410 sanc·

190 3457 264 3513 turn
287 3471 319 3512 s·
341 3459 371 3514 to
386 3473 448 3516 csso
466 3457 557 3515 filiurn
573 3456 627 3516 dei.
650 3457 764 3517 Minora
780 3457 856 3516 enirn
871 3442 1007 3517 dicebant
1023 3455 1200 3530 demonibus,
1215 3453 1319 3528 quibus

190 3559 345 3630 utcumque
377 3559 548 3634 promissum
582 3562 627 3618 est
651 3577 734 3619 nosse
756 3561 847 3619 filiurn
870 3561 1002 3619 sanetum
1023 3557 1087 3638 Dei,
1117 3559 1230 3617 minora
1252 3573 1318 3616 uero

154 3661 364 3740 mnesoiemnt,
387 3678 477 3736 nequo
493 3663 561 3723 dum
575 3660 670 3736 gloria
685 3666 715 3721 et
736 3663 876 3722 fortitudo
900 3663 962 3722 eius
977 3661 1064 3736 tregit
1079 3661 1234 3721 infernum.
1259 3661 1316 3718 De·

191 3780 290 3822 mones
314 3767 392 3825 enim
414 3767 545 3840 quamuis
568 3766 742 3839 dignitatem
764 3766 959 3840 perdiderunt,
982 3766 1116 3824 naturam
1135 3767 1235 3822 temen
1251 3778 1317 3822 non.

191 3866 266 3926 Sunt
297 3869 373 3927 enim
394 3872 427 3928 ut
449 3871 520 3928 dicit
553 3869 735 3942 Augustinus
768 3885 886 3942 corpore
919 3868 1000 3929 acria
1031 3866 1178 3938 animalia,
1212 3865 1318 3939 spiritu

191 3971 319 4044 aeterna,
347 3972 441 4032 animo
464 3969 591 4046 maligna
612 3975 642 4030 ot
664 3975 731 4030 sunt
753 3975 874 4031 naturae
898 3970 1057 4031 subtilioris
1080 3970 1199 4044 ideoque
1220 3967 1319 4026 futura

192 4072 345 4147 aliqnando
378 4074 556 4149 praesident.
602 4072 671 4132 Tria
708 4073 820 4132 latuere
853 4072 1012 4132 diabolum:
1050 4073 1151 4144 partus
1183 4070 1317 4143 uirginis,

122 4223 127 4233 .
156 4175 328 4269 eediuinitas
350 4177 482 4252 bominis,
506 4175 605 4251 passio
627 4177 827 4250 redemptoris.
873 4176 1053 4236 Demonas
1080 4178 1213 4234 accontus
1236 4189 1318 4246 grac-

241 4410 276 4464 21
288 4409 434 4462 Thaborri
513 4409 548 4462 24
560 4409 678 4478 ad]&A
758 4382 950 4463 dedicabitur
1029 4409 1249 4466 30nescircntA
