<?xml version="1.0" encoding="UTF-8"?>
<!DOCTYPE html PUBLIC "-//W3C//DTD XHTML 1.0 Transitional//EN"
    "http://www.w3.org/TR/xhtml1/DTD/xhtml1-transitional.dtd">
<html xmlns="http://www.w3.org/1999/xhtml" xml:lang="en" lang="en">
 <head>
  <title>
</title>
<meta http-equiv="Content-Type" content="text/html;charset=utf-8" />
  <meta name='ocr-system' content='tesseract 3.04.00' />
  <meta name='ocr-capabilities' content='ocr_page ocr_carea ocr_par ocr_line ocrx_word'/>
</head>
<body>
  <div class='ocr_page' id='page_1' title='image "./corpusscriptoru06wiengoog_0245.png"; bbox 0 0 3142 5034; ppageno 0'>
   <div class='ocr_carea' id='block_1_1' title="bbox 547 430 1318 529">
    <p class='ocr_par' dir='ltr' id='par_1_1' title="bbox 547 430 1318 529">
     <span class='ocr_line' id='line_1_1' title="bbox 547 430 1318 529; baseline 0.017 -46"><span class='ocrx_word' id='word_1_1' title='bbox 547 430 697 485; x_wconf 74' lang='lat' dir='ltr'>Paschal,</span> <span class='ocrx_word' id='word_1_2' title='bbox 715 431 836 499; x_wconf 77' lang='lat' dir='ltr'>Operis</span> <span class='ocrx_word' id='word_1_3' title='bbox 854 430 923 486; x_wconf 89' lang='lat' dir='ltr'><strong>Lib.</strong></span> <span class='ocrx_word' id='word_1_4' title='bbox 942 432 965 486; x_wconf 92' lang='grc' dir='ltr'>Ι.</span> <span class='ocrx_word' id='word_1_5' title='bbox 1130 504 1132 511; x_wconf 19' lang='lat' dir='ltr'><strong><em>J</em></strong></span> <span class='ocrx_word' id='word_1_6' title='bbox 1255 434 1318 529; x_wconf 42' lang='lat'>181·</span> 
     </span>
    </p>
   </div>
   <div class='ocr_carea' id='block_1_2' title="bbox 157 619 1314 1720">
    <p class='ocr_par' dir='ltr' id='par_1_2' title="bbox 192 619 1314 1016">
     <span class='ocr_line' id='line_1_2' title="bbox 192 619 1314 706; baseline -0.004 -18"><span class='ocrx_word' id='word_1_7' title='bbox 192 623 369 688; x_wconf 89' lang='lat' dir='ltr'>diuinorum</span> <span class='ocrx_word' id='word_1_8' title='bbox 391 638 467 684; x_wconf 87' lang='lat' dir='ltr'>oona</span> <span class='ocrx_word' id='word_1_9' title='bbox 488 619 597 702; x_wconf 80' lang='lat' dir='ltr'>pandit</span> <span class='ocrx_word' id='word_1_10' title='bbox 619 620 693 685; x_wconf 89' lang='lat' dir='ltr'>fides</span> <span class='ocrx_word' id='word_1_11' title='bbox 716 622 868 687; x_wconf 86' lang='lat' dir='ltr'>indicium</span> <span class='ocrx_word' id='word_1_12' title='bbox 890 626 920 686; x_wconf 92' lang='lat' dir='ltr'>et</span> <span class='ocrx_word' id='word_1_13' title='bbox 940 622 1069 704; x_wconf 87' lang='lat' dir='ltr'>antiqua</span> <span class='ocrx_word' id='word_1_14' title='bbox 1084 623 1208 706; x_wconf 90' lang='lat' dir='ltr'>patrum</span> <span class='ocrx_word' id='word_1_15' title='bbox 1223 622 1314 687; x_wconf 87' lang='lat' dir='ltr'>testis</span> 
     </span>
     <span class='ocr_line' id='line_1_3' title="bbox 192 723 1313 809; baseline -0.002 -18"><span class='ocrx_word' id='word_1_16' title='bbox 192 727 280 809; x_wconf 86' lang='lat' dir='ltr'>origo</span> <span class='ocrx_word' id='word_1_17' title='bbox 301 725 481 808; x_wconf 86' lang='lat' dir='ltr'>priscorum,</span> <span class='ocrx_word' id='word_1_18' title='bbox 510 741 566 787; x_wconf 91' lang='lat' dir='ltr'>neo</span> <span class='ocrx_word' id='word_1_19' title='bbox 589 723 740 789; x_wconf 89' lang='lat' dir='ltr'>abolenda</span> <span class='ocrx_word' id='word_1_20' title='bbox 763 725 894 790; x_wconf 89' lang='lat' dir='ltr'>saeculis</span> <span class='ocrx_word' id='word_1_21' title='bbox 917 744 993 790; x_wconf 90' lang='lat' dir='ltr'>aeuo</span> <span class='ocrx_word' id='word_1_22' title='bbox 1016 730 1192 791; x_wconf 74' lang='lat' dir='ltr'>senescente</span> <span class='ocrx_word' id='word_1_23' title='bbox 1212 727 1313 790; x_wconf 69' lang='lat' dir='ltr'>trans-¹</span> 
     </span>
     <span class='ocr_line' id='line_1_4' title="bbox 193 827 1314 912; baseline -0.002 -17"><span class='ocrx_word' id='word_1_24' title='bbox 193 830 270 895; x_wconf 86' lang='lat' dir='ltr'>actis</span> <span class='ocrx_word' id='word_1_25' title='bbox 305 827 484 892; x_wconf 81' lang='lat' dir='ltr'>inmortalia</span> <span class='ocrx_word' id='word_1_26' title='bbox 528 828 712 893; x_wconf 89' lang='lat' dir='ltr'>caelestium</span> <span class='ocrx_word' id='word_1_27' title='bbox 748 829 905 894; x_wconf 86' lang='lat' dir='ltr'>uirtutum</span> <span class='ocrx_word' id='word_1_28' title='bbox 941 830 1031 911; x_wconf 85' lang='lat' dir='ltr'>signa</span> <span class='ocrx_word' id='word_1_29' title='bbox 1066 832 1242 912; x_wconf 89' lang='lat' dir='ltr'>perdurant.</span> <span class='ocrx_word' id='word_1_30' title='bbox 1280 847 1314 893; x_wconf 85' lang='lat' dir='ltr'>ex</span> 
     </span>
     <span class='ocr_line' id='line_1_5' title="bbox 192 929 1313 1016; baseline -0.002 -19"><span class='ocrx_word' id='word_1_31' title='bbox 192 933 305 1016; x_wconf 88' lang='lat' dir='ltr'>quibus</span> <span class='ocrx_word' id='word_1_32' title='bbox 326 934 412 995; x_wconf 91' lang='lat' dir='ltr'>metu</span> <span class='ocrx_word' id='word_1_33' title='bbox 434 929 619 1010; x_wconf 88' lang='lat' dir='ltr'>trepidantis</span> <span class='ocrx_word' id='word_1_34' title='bbox 642 931 756 1014; x_wconf 89' lang='lat' dir='ltr'>ingenii</span> <span class='ocrx_word' id='word_1_35' title='bbox 778 950 875 1014; x_wconf 88' lang='lat' dir='ltr'>pauca</span> <span class='ocrx_word' id='word_1_36' title='bbox 897 933 1004 997; x_wconf 89' lang='lat' dir='ltr'>saltim</span> <span class='ocrx_word' id='word_1_37' title='bbox 1026 932 1137 997; x_wconf 82' lang='lat' dir='ltr'>audaci</span> <span class='ocrx_word' id='word_1_38' title='bbox 1164 931 1313 997; x_wconf 84' lang='lat' dir='ltr'>relatione</span> 
     </span>
    </p>

    <p class='ocr_par' dir='ltr' id='par_1_3' title="bbox 170 1033 1314 1531">
     <span class='ocr_line' id='line_1_6' title="bbox 170 1033 1313 1119; baseline -0.003 -19"><span class='ocrx_word' id='word_1_39' title='bbox 170 1038 402 1119; x_wconf 83' lang='lat' dir='ltr'>operatringero</span> <span class='ocrx_word' id='word_1_40' title='bbox 423 1033 476 1099; x_wconf 84' lang='lat' dir='ltr'>uix</span> <span class='ocrx_word' id='word_1_41' title='bbox 498 1034 614 1099; x_wconf 88' lang='lat' dir='ltr'>nostris</span> <span class='ocrx_word' id='word_1_42' title='bbox 637 1033 750 1099; x_wconf 89' lang='lat' dir='ltr'>animis</span> <span class='ocrx_word' id='word_1_43' title='bbox 773 1036 805 1099; x_wconf 89' lang='lat' dir='ltr'>et</span> <span class='ocrx_word' id='word_1_44' title='bbox 827 1036 910 1100; x_wconf 88' lang='lat' dir='ltr'>cordi</span> <span class='ocrx_word' id='word_1_45' title='bbox 933 1036 1146 1118; x_wconf 79' lang='lat' dir='ltr'>permittimus</span> <span class='ocrx_word' id='word_1_46' title='bbox 1162 1033 1313 1109; x_wconf 78' lang='lat' dir='ltr'>inbecilli,</span> 
     </span>
     <span class='ocr_line' id='line_1_7' title="bbox 193 1136 1314 1221; baseline -0.003 -18"><span class='ocrx_word' id='word_1_47' title='bbox 193 1146 229 1206; x_wconf 95' lang='lat' dir='ltr'>ut</span> <span class='ocrx_word' id='word_1_48' title='bbox 251 1141 366 1205; x_wconf 89' lang='lat' dir='ltr'>siluam</span> <span class='ocrx_word' id='word_1_49' title='bbox 388 1155 517 1221; x_wconf 88' lang='lat' dir='ltr'>magnae</span> <span class='ocrx_word' id='word_1_50' title='bbox 539 1136 706 1203; x_wconf 83' lang='lat' dir='ltr'>densitatis</span> <span class='ocrx_word' id='word_1_51' title='bbox 728 1138 904 1220; x_wconf 84' lang='lat' dir='ltr'>ingrediens</span> <span class='ocrx_word' id='word_1_52' title='bbox 927 1140 1047 1221; x_wconf 89' lang='lat' dir='ltr'>aliquos</span> <span class='ocrx_word' id='word_1_53' title='bbox 1063 1141 1161 1205; x_wconf 88' lang='lat' dir='ltr'>enitar</span> <span class='ocrx_word' id='word_1_54' title='bbox 1177 1139 1314 1202; x_wconf 84' lang='lat' dir='ltr'>extrema</span> 
     </span>
     <span class='ocr_line' id='line_1_8' title="bbox 194 1241 1313 1327; baseline -0.004 -20"><span class='ocrx_word' id='word_1_55' title='bbox 194 1244 363 1327; x_wconf 81' lang='lat' dir='ltr'>digitorum</span> <span class='ocrx_word' id='word_1_56' title='bbox 383 1241 565 1306; x_wconf 90' lang='lat' dir='ltr'>summitate</span> <span class='ocrx_word' id='word_1_57' title='bbox 587 1260 689 1306; x_wconf 88' lang='lat' dir='ltr'>ramos</span> <span class='ocrx_word' id='word_1_58' title='bbox 713 1242 883 1327; x_wconf 87' lang='lat' dir='ltr'>adtingere.</span> <span class='ocrx_word' id='word_1_59' title='bbox 918 1261 990 1307; x_wconf 87' lang='lat' dir='ltr'>nam</span> <span class='ocrx_word' id='word_1_60' title='bbox 1014 1243 1072 1307; x_wconf 90' lang='lat' dir='ltr'>etsi</span> <span class='ocrx_word' id='word_1_61' title='bbox 1093 1242 1230 1306; x_wconf 88' lang='lat' dir='ltr'>humano</span> <span class='ocrx_word' id='word_1_62' title='bbox 1246 1258 1313 1306; x_wconf 87' lang='lat' dir='ltr'>eor·</span> 
     </span>
     <span class='ocr_line' id='line_1_9' title="bbox 193 1342 1313 1429; baseline -0.001 -20"><span class='ocrx_word' id='word_1_63' title='bbox 193 1345 260 1429; x_wconf 89' lang='lat' dir='ltr'>pori</span> <span class='ocrx_word' id='word_1_64' title='bbox 296 1348 421 1409; x_wconf 85' lang='lat' dir='ltr'>eentum</span> <span class='ocrx_word' id='word_1_65' title='bbox 457 1342 551 1408; x_wconf 90' lang='lat' dir='ltr'>simul</span> <span class='ocrx_word' id='word_1_66' title='bbox 582 1361 636 1407; x_wconf 85' lang='lat' dir='ltr'>ora</span> <span class='ocrx_word' id='word_1_67' title='bbox 667 1345 866 1427; x_wconf 85' lang='lat' dir='ltr'>subpeditent</span> <span class='ocrx_word' id='word_1_68' title='bbox 904 1347 1101 1427; x_wconf 88' lang='lat' dir='ltr'>centenisque</span> <span class='ocrx_word' id='word_1_69' title='bbox 1135 1345 1313 1426; x_wconf 87' lang='lat' dir='ltr'>linguarum</span> 
     </span>
     <span class='ocr_line' id='line_1_10' title="bbox 193 1446 1313 1531; baseline -0.001 -20"><span class='ocrx_word' id='word_1_70' title='bbox 193 1449 329 1513; x_wconf 85' lang='lat' dir='ltr'>motibus</span> <span class='ocrx_word' id='word_1_71' title='bbox 356 1465 416 1512; x_wconf 84' lang='lat' dir='ltr'>uon</span> <span class='ocrx_word' id='word_1_72' title='bbox 443 1446 543 1511; x_wconf 84' lang='lat' dir='ltr'>ferrea</span> <span class='ocrx_word' id='word_1_73' title='bbox 571 1446 705 1511; x_wconf 90' lang='lat' dir='ltr'>clamare</span> <span class='ocrx_word' id='word_1_74' title='bbox 733 1466 796 1512; x_wconf 91' lang='lat' dir='ltr'>uon</span> <span class='ocrx_word' id='word_1_75' title='bbox 824 1451 942 1529; x_wconf 81' lang='lat' dir='ltr'>cesset,</span> <span class='ocrx_word' id='word_1_76' title='bbox 972 1449 1040 1531; x_wconf 87' lang='lat' dir='ltr'>quis</span> <span class='ocrx_word' id='word_1_77' title='bbox 1070 1451 1180 1513; x_wconf 88' lang='lat' dir='ltr'>cuncta</span> <span class='ocrx_word' id='word_1_78' title='bbox 1207 1448 1313 1512; x_wconf 89' lang='lat' dir='ltr'>ualeat</span> 
     </span>
    </p>

    <p class='ocr_par' dir='ltr' id='par_1_4' title="bbox 157 1549 1314 1720">
     <span class='ocr_line' id='line_1_11' title="bbox 157 1549 1314 1634; baseline -0.007 -13"><span class='ocrx_word' id='word_1_79' title='bbox 157 1580 185 1620; x_wconf 78' lang='lat' dir='ltr'>ro</span> <span class='ocrx_word' id='word_1_80' title='bbox 195 1551 336 1634; x_wconf 83' lang='lat' dir='ltr'>expedire</span> <span class='ocrx_word' id='word_1_81' title='bbox 358 1569 489 1631; x_wconf 91' lang='lat' dir='ltr'>quorum</span> <span class='ocrx_word' id='word_1_82' title='bbox 511 1551 649 1615; x_wconf 89' lang='lat' dir='ltr'>numeris</span> <span class='ocrx_word' id='word_1_83' title='bbox 670 1570 726 1617; x_wconf 91' lang='lat' dir='ltr'>nec</span> <span class='ocrx_word' id='word_1_84' title='bbox 740 1553 825 1617; x_wconf 88' lang='lat' dir='ltr'>astra</span> <span class='ocrx_word' id='word_1_85' title='bbox 842 1552 920 1617; x_wconf 87' lang='lat' dir='ltr'>caeli</span> <span class='ocrx_word' id='word_1_86' title='bbox 936 1549 1120 1617; x_wconf 87' lang='lat' dir='ltr'>densissima</span> <span class='ocrx_word' id='word_1_87' title='bbox 1136 1569 1192 1616; x_wconf 90' lang='lat' dir='ltr'>uec</span> <span class='ocrx_word' id='word_1_88' title='bbox 1208 1550 1314 1615; x_wconf 89' lang='lat' dir='ltr'>bibula</span> 
     </span>
     <span class='ocr_line' id='line_1_12' title="bbox 192 1653 635 1720; baseline -0.007 -1"><span class='ocrx_word' id='word_1_89' title='bbox 192 1655 289 1720; x_wconf 90' lang='lat' dir='ltr'>maris</span> <span class='ocrx_word' id='word_1_90' title='bbox 309 1654 426 1718; x_wconf 88' lang='lat' dir='ltr'>harena</span> <span class='ocrx_word' id='word_1_91' title='bbox 449 1653 635 1719; x_wconf 84' lang='lat' dir='ltr'>conueniat?</span> 
     </span>
    </p>
   </div>
   <div class='ocr_carea' id='block_1_3' title="bbox 159 1774 1341 2368">
    <p class='ocr_par' dir='ltr' id='par_1_5' title="bbox 191 1774 1341 2064">
     <span class='ocr_line' id='line_1_13' title="bbox 234 1774 1341 1856; baseline 0.002 -17"><span class='ocrx_word' id='word_1_92' title='bbox 234 1775 370 1853; x_wconf 80' lang='lat' dir='ltr'>Primus,</span> <span class='ocrx_word' id='word_1_93' title='bbox 404 1795 441 1839; x_wconf 84' lang='lat' dir='ltr'>ox</span> <span class='ocrx_word' id='word_1_94' title='bbox 469 1792 529 1856; x_wconf 93' lang='lat' dir='ltr'>quo</span> <span class='ocrx_word' id='word_1_95' title='bbox 556 1774 590 1837; x_wconf 92' lang='lat' dir='ltr'>in</span> <span class='ocrx_word' id='word_1_96' title='bbox 623 1776 740 1839; x_wconf 88' lang='lat' dir='ltr'>claram</span> <span class='ocrx_word' id='word_1_97' title='bbox 767 1776 876 1840; x_wconf 89' lang='lat' dir='ltr'>mundi</span> <span class='ocrx_word' id='word_1_98' title='bbox 911 1774 1023 1841; x_wconf 90' lang='lat' dir='ltr'>faciem</span> <span class='ocrx_word' id='word_1_99' title='bbox 1050 1793 1152 1839; x_wconf 88' lang='lat' dir='ltr'>rerum</span> <span class='ocrx_word' id='word_1_100' title='bbox 1186 1774 1341 1841; x_wconf 77' lang='lat' dir='ltr'>coniurat</span> 
     </span>
     <span class='ocr_line' id='line_1_14' title="bbox 191 1876 1313 1960; baseline -0.001 -18"><span class='ocrx_word' id='word_1_101' title='bbox 191 1876 346 1954; x_wconf 86' lang='lat' dir='ltr'>materies,</span> <span class='ocrx_word' id='word_1_102' title='bbox 370 1896 447 1960; x_wconf 90' lang='lat' dir='ltr'>quae</span> <span class='ocrx_word' id='word_1_103' title='bbox 463 1877 554 1956; x_wconf 86' lang='lat' dir='ltr'>chaos</span> <span class='ocrx_word' id='word_1_104' title='bbox 570 1877 655 1941; x_wconf 89' lang='lat' dir='ltr'>dicta</span> <span class='ocrx_word' id='word_1_105' title='bbox 671 1879 728 1955; x_wconf 87' lang='lat' dir='ltr'>est,</span> <span class='ocrx_word' id='word_1_106' title='bbox 752 1879 844 1943; x_wconf 91' lang='lat' dir='ltr'>uerbo</span> <span class='ocrx_word' id='word_1_107' title='bbox 863 1878 1034 1943; x_wconf 78' lang='lat' dir='ltr'>fabricante</span> <span class='ocrx_word' id='word_1_108' title='bbox 1049 1878 1191 1953; x_wconf 84' lang='lat' dir='ltr'>surrexit,</span> <span class='ocrx_word' id='word_1_109' title='bbox 1208 1877 1313 1941; x_wconf 78' lang='lat' dir='ltr'>Enoch</span> 
     </span>
     <span class='ocr_line' id='line_1_15' title="bbox 193 1980 1314 2064; baseline -0.002 -20"><span class='ocrx_word' id='word_1_110' title='bbox 193 1981 259 2046; x_wconf 89' lang='lat' dir='ltr'>Dec</span> <span class='ocrx_word' id='word_1_111' title='bbox 280 1981 479 2063; x_wconf 87' lang='lat' dir='ltr'>gratissimus</span> <span class='ocrx_word' id='word_1_112' title='bbox 503 1983 534 2045; x_wconf 91' lang='lat' dir='ltr'>et</span> <span class='ocrx_word' id='word_1_113' title='bbox 562 1980 694 2045; x_wconf 89' lang='lat' dir='ltr'>dilectus</span> <span class='ocrx_word' id='word_1_114' title='bbox 715 1981 857 2045; x_wconf 90' lang='lat' dir='ltr'>uiuaoem</span> <span class='ocrx_word' id='word_1_115' title='bbox 880 1981 1012 2064; x_wconf 87' lang='lat' dir='ltr'>gloriam</span> <span class='ocrx_word' id='word_1_116' title='bbox 1041 1981 1232 2057; x_wconf 86' lang='lat' dir='ltr'>consecutus,</span> <span class='ocrx_word' id='word_1_117' title='bbox 1261 1998 1314 2060; x_wconf 90' lang='lat' dir='ltr'>per</span> 
     </span>
    </p>

    <p class='ocr_par' dir='ltr' id='par_1_6' title="bbox 159 2082 1313 2368">
     <span class='ocr_line' id='line_1_16' title="bbox 159 2082 1313 2152; baseline -0.005 -1"><span class='ocrx_word' id='word_1_118' title='bbox 159 2110 184 2152; x_wconf 79' lang='lat' dir='ltr'>na</span> <span class='ocrx_word' id='word_1_119' title='bbox 192 2084 367 2149; x_wconf 88' lang='lat' dir='ltr'>innumeros</span> <span class='ocrx_word' id='word_1_120' title='bbox 395 2102 547 2148; x_wconf 87' lang='lat' dir='ltr'>annorum</span> <span class='ocrx_word' id='word_1_121' title='bbox 576 2101 684 2148; x_wconf 89' lang='lat' dir='ltr'>cursus</span> <span class='ocrx_word' id='word_1_122' title='bbox 714 2082 868 2147; x_wconf 90' lang='lat' dir='ltr'>humanae</span> <span class='ocrx_word' id='word_1_123' title='bbox 897 2084 1023 2148; x_wconf 91' lang='lat' dir='ltr'>modum</span> <span class='ocrx_word' id='word_1_124' title='bbox 1052 2086 1183 2147; x_wconf 87' lang='lat' dir='ltr'>naturae</span> <span class='ocrx_word' id='word_1_125' title='bbox 1211 2084 1313 2147; x_wconf 86' lang='lat' dir='ltr'>trans-</span> 
     </span>
     <span class='ocr_line' id='line_1_17' title="bbox 192 2186 1311 2273; baseline -0.003 -20"><span class='ocrx_word' id='word_1_126' title='bbox 192 2189 345 2273; x_wconf 83' lang='lat' dir='ltr'>grediens,</span> <span class='ocrx_word' id='word_1_127' title='bbox 365 2187 518 2253; x_wconf 88' lang='lat' dir='ltr'>nascendo</span> <span class='ocrx_word' id='word_1_128' title='bbox 533 2189 634 2251; x_wconf 88' lang='lat' dir='ltr'>terrae</span> <span class='ocrx_word' id='word_1_129' title='bbox 648 2206 762 2252; x_wconf 90' lang='lat' dir='ltr'>munus</span> <span class='ocrx_word' id='word_1_130' title='bbox 777 2188 923 2270; x_wconf 90' lang='lat' dir='ltr'>impleuit</span> <span class='ocrx_word' id='word_1_131' title='bbox 938 2189 991 2253; x_wconf 89' lang='lat' dir='ltr'>sed</span> <span class='ocrx_word' id='word_1_132' title='bbox 1006 2186 1100 2253; x_wconf 93' lang='lat' dir='ltr'>morti</span> <span class='ocrx_word' id='word_1_133' title='bbox 1115 2186 1311 2265; x_wconf 79' lang='lat' dir='ltr'>miraculum,</span> 
     </span>
     <span class='ocr_line' id='line_1_18' title="bbox 193 2293 726 2368; baseline -0.011 -7"><span class='ocrx_word' id='word_1_134' title='bbox 193 2294 243 2361; x_wconf 90' lang='lat' dir='ltr'>cni</span> <span class='ocrx_word' id='word_1_135' title='bbox 265 2294 442 2357; x_wconf 86' lang='lat' dir='ltr'>subtractus</span> <span class='ocrx_word' id='word_1_136' title='bbox 466 2295 525 2368; x_wconf 87' lang='lat' dir='ltr'>est,</span> <span class='ocrx_word' id='word_1_137' title='bbox 548 2293 726 2357; x_wconf 87' lang='lat' dir='ltr'>concitauit.</span> 
     </span>
    </p>
   </div>
   <div class='ocr_carea' id='block_1_4' title="bbox 156 2411 1341 2908">
    <p class='ocr_par' dir='ltr' id='par_1_7' title="bbox 156 2411 1341 2908">
     <span class='ocr_line' id='line_1_19' title="bbox 234 2411 1341 2495; baseline -0.002 -20"><span class='ocrx_word' id='word_1_138' title='bbox 234 2412 415 2477; x_wconf 88' lang='lat' dir='ltr'>Marcebant</span> <span class='ocrx_word' id='word_1_139' title='bbox 443 2413 552 2477; x_wconf 83' lang='lat' dir='ltr'>Sarrae</span> <span class='ocrx_word' id='word_1_140' title='bbox 589 2413 653 2477; x_wconf 88' lang='lat' dir='ltr'>iam</span> <span class='ocrx_word' id='word_1_141' title='bbox 690 2413 848 2477; x_wconf 89' lang='lat' dir='ltr'>senectute</span> <span class='ocrx_word' id='word_1_142' title='bbox 884 2412 1024 2477; x_wconf 88' lang='lat' dir='ltr'>membra</span> <span class='ocrx_word' id='word_1_143' title='bbox 1057 2411 1244 2495; x_wconf 86' lang='lat' dir='ltr'>languentia,</span> <span class='ocrx_word' id='word_1_144' title='bbox 1283 2412 1341 2473; x_wconf 83' lang='lat' dir='ltr'>etl</span> 
     </span>
     <span class='ocr_line' id='line_1_20' title="bbox 193 2513 1313 2600; baseline -0.004 -21"><span class='ocrx_word' id='word_1_145' title='bbox 193 2516 368 2600; x_wconf 85' lang='lat' dir='ltr'>grandaeno</span> <span class='ocrx_word' id='word_1_146' title='bbox 391 2517 455 2579; x_wconf 88' lang='lat' dir='ltr'>situ</span> <span class='ocrx_word' id='word_1_147' title='bbox 477 2515 603 2599; x_wconf 84' lang='lat' dir='ltr'>sanguis</span> <span class='ocrx_word' id='word_1_148' title='bbox 626 2516 781 2581; x_wconf 83' lang='lat' dir='ltr'>extinctus</span> <span class='ocrx_word' id='word_1_149' title='bbox 805 2517 913 2581; x_wconf 89' lang='lat' dir='ltr'>annosi</span> <span class='ocrx_word' id='word_1_150' title='bbox 936 2516 1069 2597; x_wconf 86' lang='lat' dir='ltr'>corporis</span> <span class='ocrx_word' id='word_1_151' title='bbox 1091 2534 1184 2579; x_wconf 90' lang='lat' dir='ltr'>nenas</span> <span class='ocrx_word' id='word_1_152' title='bbox 1206 2513 1313 2594; x_wconf 90' lang='lat' dir='ltr'>despe-</span> 
     </span>
     <span class='ocr_line' id='line_1_21' title="bbox 156 2618 1314 2702; baseline -0.006 -15"><span class='ocrx_word' id='word_1_153' title='bbox 156 2621 279 2687; x_wconf 74' lang='lat' dir='ltr'>soratae</span> <span class='ocrx_word' id='word_1_154' title='bbox 301 2620 397 2702; x_wconf 87' lang='lat' dir='ltr'>prolis</span> <span class='ocrx_word' id='word_1_155' title='bbox 420 2620 586 2684; x_wconf 85' lang='lat' dir='ltr'>steril‘tate</span> <span class='ocrx_word' id='word_1_156' title='bbox 608 2622 819 2698; x_wconf 88' lang='lat' dir='ltr'>damnauerat,</span> <span class='ocrx_word' id='word_1_157' title='bbox 842 2638 914 2683; x_wconf 90' lang='lat' dir='ltr'>cum</span> <span class='ocrx_word' id='word_1_158' title='bbox 928 2618 1054 2684; x_wconf 88' lang='lat' dir='ltr'>senioris</span> <span class='ocrx_word' id='word_1_159' title='bbox 1070 2618 1131 2683; x_wconf 88' lang='lat' dir='ltr'>uiri</span> <span class='ocrx_word' id='word_1_160' title='bbox 1146 2618 1314 2683; x_wconf 85' lang='lat' dir='ltr'>fecundata</span> 
     </span>
     <span class='ocr_line' id='line_1_22' title="bbox 193 2721 1313 2805; baseline -0.001 -18"><span class='ocrx_word' id='word_1_161' title='bbox 193 2721 325 2787; x_wconf 89' lang='lat' dir='ltr'>conubio</span> <span class='ocrx_word' id='word_1_162' title='bbox 346 2722 448 2787; x_wconf 87' lang='lat' dir='ltr'>sinum</span> <span class='ocrx_word' id='word_1_163' title='bbox 470 2722 567 2805; x_wconf 85' lang='lat' dir='ltr'>gelidi</span> <span class='ocrx_word' id='word_1_164' title='bbox 590 2726 718 2803; x_wconf 88' lang='lat' dir='ltr'>reponte</span> <span class='ocrx_word' id='word_1_165' title='bbox 740 2722 859 2787; x_wconf 87' lang='lat' dir='ltr'>uentris</span> <span class='ocrx_word' id='word_1_166' title='bbox 883 2722 1021 2787; x_wconf 83' lang='lat' dir='ltr'>extendit</span> <span class='ocrx_word' id='word_1_167' title='bbox 1038 2722 1070 2785; x_wconf 94' lang='lat' dir='ltr'>et</span> <span class='ocrx_word' id='word_1_168' title='bbox 1084 2721 1214 2786; x_wconf 85' lang='lat' dir='ltr'>tumidis</span> <span class='ocrx_word' id='word_1_169' title='bbox 1234 2738 1313 2786; x_wconf 91' lang='lat' dir='ltr'>nouo</span> 
     </span>
     <span class='ocr_line' id='line_1_23' title="bbox 191 2824 1313 2908; baseline -0.002 -19"><span class='ocrx_word' id='word_1_170' title='bbox 191 2829 283 2908; x_wconf 90' lang='lat' dir='ltr'>partu</span> <span class='ocrx_word' id='word_1_171' title='bbox 310 2826 497 2907; x_wconf 89' lang='lat' dir='ltr'>praecordiis</span> <span class='ocrx_word' id='word_1_172' title='bbox 532 2826 643 2889; x_wconf 85' lang='lat' dir='ltr'>natum</span> <span class='ocrx_word' id='word_1_173' title='bbox 672 2843 739 2889; x_wconf 89' lang='lat' dir='ltr'>sera</span> <span class='ocrx_word' id='word_1_174' title='bbox 766 2824 916 2889; x_wconf 87' lang='lat' dir='ltr'>felicitate</span> <span class='ocrx_word' id='word_1_175' title='bbox 945 2824 1141 2907; x_wconf 88' lang='lat' dir='ltr'>progenitum</span> <span class='ocrx_word' id='word_1_176' title='bbox 1172 2824 1205 2887; x_wconf 94' lang='lat' dir='ltr'>in</span> <span class='ocrx_word' id='word_1_177' title='bbox 1228 2842 1313 2906; x_wconf 89' lang='lat' dir='ltr'>spem</span> 
     </span>
    </p>
   </div>
   <div class='ocr_carea' id='block_1_5' title="bbox 190 3111 1314 3371">
    <p class='ocr_par' dir='ltr' id='par_1_8' title="bbox 190 3111 1314 3371">
     <span class='ocr_line' id='line_1_24' title="bbox 242 3111 1247 3168; baseline -0.002 -2"><span class='ocrx_word' id='word_1_178' title='bbox 242 3112 377 3166; x_wconf 72' lang='lat' dir='ltr'>umentia</span> <span class='ocrx_word' id='word_1_179' title='bbox 400 3114 428 3168; x_wconf 93' lang='lat' dir='ltr'><em>P</em></span> <span class='ocrx_word' id='word_1_180' title='bbox 526 3128 575 3168; x_wconf 92' lang='lat' dir='ltr'>eno</span> <span class='ocrx_word' id='word_1_181' title='bbox 597 3113 626 3167; x_wconf 88' lang='lat' dir='ltr'><strong><em>P</em></strong></span> <span class='ocrx_word' id='word_1_182' title='bbox 724 3111 929 3167; x_wconf 86' lang='lat' dir='ltr'>3immortalia</span> <span class='ocrx_word' id='word_1_183' title='bbox 951 3114 978 3165; x_wconf 85' lang='lat' dir='ltr'><em>R</em></span> <span class='ocrx_word' id='word_1_184' title='bbox 1080 3112 1247 3166; x_wconf 80' lang='lat' dir='ltr'>dsaltemo</span> 
     </span>
     <span class='ocr_line' id='line_1_25' title="bbox 191 3196 1314 3276; baseline -0.002 -25"><span class='ocrx_word' id='word_1_185' title='bbox 191 3196 365 3251; x_wconf 77' lang='lat' dir='ltr'>binbeoillae</span> <span class='ocrx_word' id='word_1_186' title='bbox 383 3198 410 3253; x_wconf 85' lang='lat' dir='ltr'>R</span> <span class='ocrx_word' id='word_1_187' title='bbox 512 3200 638 3253; x_wconf 79' lang='lat' dir='ltr'>denitar</span> <span class='ocrx_word' id='word_1_188' title='bbox 654 3216 685 3265; x_wconf 88' lang='lat' dir='ltr'>o,</span> <span class='ocrx_word' id='word_1_189' title='bbox 720 3198 822 3276; x_wconf 79' lang='lat' dir='ltr'>eniteat</span> <span class='ocrx_word' id='word_1_190' title='bbox 839 3198 904 3263; x_wconf 84' lang='lat' dir='ltr'>PR,</span> <span class='ocrx_word' id='word_1_191' title='bbox 941 3200 1041 3251; x_wconf 74' lang='lat' dir='ltr'>emetat</span> <span class='ocrx_word' id='word_1_192' title='bbox 1059 3197 1094 3250; x_wconf 90' lang='lat' dir='ltr'><em>H</em></span> <span class='ocrx_word' id='word_1_193' title='bbox 1192 3196 1314 3251; x_wconf 76' lang='lat' dir='ltr'>iadtiu·</span> 
     </span>
     <span class='ocr_line' id='line_1_26' title="bbox 190 3284 1314 3371; baseline -0.002 -34"><span class='ocrx_word' id='word_1_194' title='bbox 190 3300 252 3352; x_wconf 87' lang='lat' dir='ltr'>gere</span> <span class='ocrx_word' id='word_1_195' title='bbox 277 3284 321 3349; x_wconf 76' lang='lat'>1³¹,</span> <span class='ocrx_word' id='word_1_196' title='bbox 357 3286 491 3353; x_wconf 83' lang='lat' dir='ltr'>attingere</span> <span class='ocrx_word' id='word_1_197' title='bbox 508 3285 604 3339; x_wconf 78' lang='lat' dir='ltr'>P²RH</span> <span class='ocrx_word' id='word_1_198' title='bbox 706 3300 812 3353; x_wconf 87' lang='lat' dir='ltr'>corpore</span> <span class='ocrx_word' id='word_1_199' title='bbox 833 3284 860 3339; x_wconf 86' lang='lat' dir='ltr'><em>R</em></span> <span class='ocrx_word' id='word_1_200' title='bbox 962 3285 1046 3338; x_wconf 81' lang='lat' dir='ltr'>Sora</span> <span class='ocrx_word' id='word_1_201' title='bbox 1064 3299 1110 3371; x_wconf 77' lang='lat' dir='ltr'>ora</span> <span class='ocrx_word' id='word_1_202' title='bbox 1127 3284 1154 3337; x_wconf 95' lang='lat' dir='ltr'><strong><em>P</em></strong></span> <span class='ocrx_word' id='word_1_203' title='bbox 1253 3299 1314 3351; x_wconf 81' lang='lat' dir='ltr'>anp-</span> 
     </span>
    </p>
   </div>
   <div class='ocr_carea' id='block_1_6' title="bbox 127 3401 1249 3489">
    <p class='ocr_par' dir='ltr' id='par_1_9' title="bbox 127 3401 1249 3489">
     <span class='ocr_line' id='line_1_27' title="bbox 127 3401 1249 3489; baseline -0.001 -30"><span class='ocrx_word' id='word_1_204' title='bbox 127 3401 129 3405; x_wconf 70' lang='grc'>’</span> <span class='ocrx_word' id='word_1_205' title='bbox 191 3403 313 3473; x_wconf 88' lang='lat' dir='ltr'>peditent</span> <span class='ocrx_word' id='word_1_206' title='bbox 331 3406 368 3473; x_wconf 78' lang='lat' dir='ltr'>R,</span> <span class='ocrx_word' id='word_1_207' title='bbox 397 3404 568 3473; x_wconf 84' lang='lat' dir='ltr'>subpenditot</span> <span class='ocrx_word' id='word_1_208' title='bbox 587 3405 620 3459; x_wconf 90' lang='grc' dir='ltr'><strong>Η</strong></span> <span class='ocrx_word' id='word_1_209' title='bbox 709 3405 743 3459; x_wconf 92' lang='grc'>10</span> <span class='ocrx_word' id='word_1_210' title='bbox 759 3421 884 3459; x_wconf 86' lang='lat' dir='ltr'>numerus</span> <span class='ocrx_word' id='word_1_211' title='bbox 902 3405 938 3460; x_wconf 91' lang='lat' dir='ltr'><strong><em>H</em></strong></span> <span class='ocrx_word' id='word_1_212' title='bbox 1020 3404 1205 3489; x_wconf 84' lang='lat' dir='ltr'>densissimam</span> <span class='ocrx_word' id='word_1_213' title='bbox 1222 3405 1249 3458; x_wconf 96' lang='lat' dir='ltr'><strong><em>P</em></strong></span> 
     </span>
    </p>
   </div>
   <div class='ocr_carea' id='block_1_7' title="bbox 190 3509 1316 3836">
    <p class='ocr_par' dir='ltr' id='par_1_10' title="bbox 190 3509 1316 3836">
     <span class='ocr_line' id='line_1_28' title="bbox 192 3509 1315 3578; baseline -0.001 -16"><span class='ocrx_word' id='word_1_214' title='bbox 192 3510 223 3563; x_wconf 93' lang='lat'>11</span> <span class='ocrx_word' id='word_1_215' title='bbox 236 3524 315 3563; x_wconf 89' lang='lat' dir='ltr'>arena</span> <span class='ocrx_word' id='word_1_216' title='bbox 328 3510 356 3562; x_wconf 92' lang='lat' dir='ltr'><strong><em>P</em></strong></span> <span class='ocrx_word' id='word_1_217' title='bbox 437 3514 499 3578; x_wconf 83' lang='lat' dir='ltr'>post</span> <span class='ocrx_word' id='word_1_218' title='bbox 511 3510 653 3565; x_wconf 88' lang='lat' dir='ltr'>conueniat</span> <span class='ocrx_word' id='word_1_219' title='bbox 664 3526 720 3565; x_wconf 75' lang='lat' dir='ltr'>aas.</span> <span class='ocrx_word' id='word_1_220' title='bbox 733 3510 766 3564; x_wconf 82' lang='lat' dir='ltr'>ta</span> <span class='ocrx_word' id='word_1_221' title='bbox 778 3509 811 3562; x_wconf 89' lang='lat' dir='ltr'><strong><em>H</em></strong></span> <span class='ocrx_word' id='word_1_222' title='bbox 899 3510 932 3563; x_wconf 81' lang='lat'>12</span> <span class='ocrx_word' id='word_1_223' title='bbox 943 3525 980 3565; x_wconf 81' lang='lat' dir='ltr'>nn</span> <span class='ocrx_word' id='word_1_224' title='bbox 993 3523 1207 3565; x_wconf 79' lang='lat' dir='ltr'>unnusmnnoun</span> <span class='ocrx_word' id='word_1_225' title='bbox 1219 3522 1315 3563; x_wconf 79' lang='lat' dir='ltr'>nuncu</span> 
     </span>
     <span class='ocr_line' id='line_1_29' title="bbox 190 3594 1313 3662; baseline -0.002 -13"><span class='ocrx_word' id='word_1_226' title='bbox 190 3596 219 3649; x_wconf 85' lang='lat' dir='ltr'><em>R</em></span> <span class='ocrx_word' id='word_1_227' title='bbox 309 3595 349 3662; x_wconf 92' lang='lat' dir='ltr'>in]</span> <span class='ocrx_word' id='word_1_228' title='bbox 368 3611 388 3647; x_wconf 81' lang='lat' dir='ltr'>a.</span> <span class='ocrx_word' id='word_1_229' title='bbox 407 3596 480 3649; x_wconf 69' lang='grc' dir='ltr'>1Ρ2</span> <span class='ocrx_word' id='word_1_230' title='bbox 571 3596 701 3649; x_wconf 88' lang='lat' dir='ltr'>mnndum</span> <span class='ocrx_word' id='word_1_231' title='bbox 718 3595 998 3649; x_wconf 83' lang='lat' dir='ltr'>faciem-confusam</span> <span class='ocrx_word' id='word_1_232' title='bbox 1017 3596 1052 3650; x_wconf 87' lang='lat' dir='ltr'><strong><em>H</em></strong></span> <span class='ocrx_word' id='word_1_233' title='bbox 1140 3596 1173 3650; x_wconf 85' lang='lat'>13</span> <span class='ocrx_word' id='word_1_234' title='bbox 1191 3594 1313 3662; x_wconf 82' lang='lat' dir='ltr'>surrexit]</span> 
     </span>
     <span class='ocr_line' id='line_1_30' title="bbox 190 3680 1316 3749; baseline 0 -16"><span class='ocrx_word' id='word_1_235' title='bbox 190 3696 227 3734; x_wconf 79' lang='lat' dir='ltr'>na</span> <span class='ocrx_word' id='word_1_236' title='bbox 245 3694 408 3734; x_wconf 75' lang='lat' dir='ltr'>mnnsnnno</span> <span class='ocrx_word' id='word_1_237' title='bbox 426 3696 574 3736; x_wconf 73' lang='lat' dir='ltr'>ammaus</span> <span class='ocrx_word' id='word_1_238' title='bbox 593 3697 631 3735; x_wconf 80' lang='lat' dir='ltr'>un</span> <span class='ocrx_word' id='word_1_239' title='bbox 649 3696 822 3736; x_wconf 76' lang='lat' dir='ltr'>monuncourt</span> <span class='ocrx_word' id='word_1_240' title='bbox 839 3696 935 3735; x_wconf 74' lang='lat' dir='ltr'>euocat</span> <span class='ocrx_word' id='word_1_241' title='bbox 946 3680 981 3735; x_wconf 91' lang='lat' dir='ltr'><strong><em>H</em></strong></span> <span class='ocrx_word' id='word_1_242' title='bbox 1061 3681 1101 3734; x_wconf 80' lang='lat' dir='ltr'>Ex</span> <span class='ocrx_word' id='word_1_243' title='bbox 1113 3697 1164 3749; x_wconf 88' lang='lat' dir='ltr'>quo</span> <span class='ocrx_word' id='word_1_244' title='bbox 1176 3682 1205 3734; x_wconf 94' lang='lat' dir='ltr'>in</span> <span class='ocrx_word' id='word_1_245' title='bbox 1218 3681 1316 3733; x_wconf 89' lang='lat' dir='ltr'>claram</span> 
     </span>
     <span class='ocr_line' id='line_1_31' title="bbox 190 3768 1314 3836; baseline 0 -15"><span class='ocrx_word' id='word_1_246' title='bbox 190 3783 277 3821; x_wconf 84' lang='lat' dir='ltr'>rernm</span> <span class='ocrx_word' id='word_1_247' title='bbox 299 3768 394 3821; x_wconf 86' lang='lat' dir='ltr'>faeiem</span> <span class='ocrx_word' id='word_1_248' title='bbox 417 3769 526 3821; x_wconf 81' lang='lat' dir='ltr'>confusa</span> <span class='ocrx_word' id='word_1_249' title='bbox 549 3770 680 3833; x_wconf 88' lang='lat' dir='ltr'>materies,</span> <span class='ocrx_word' id='word_1_250' title='bbox 705 3784 771 3836; x_wconf 87' lang='lat' dir='ltr'>quae</span> <span class='ocrx_word' id='word_1_251' title='bbox 795 3768 874 3823; x_wconf 86' lang='lat' dir='ltr'>chaos</span> <span class='ocrx_word' id='word_1_252' title='bbox 898 3768 970 3823; x_wconf 90' lang='lat' dir='ltr'>dieta</span> <span class='ocrx_word' id='word_1_253' title='bbox 987 3770 1035 3836; x_wconf 87' lang='lat' dir='ltr'>est,</span> <span class='ocrx_word' id='word_1_254' title='bbox 1053 3768 1142 3823; x_wconf 88' lang='lat' dir='ltr'>Verbo</span> <span class='ocrx_word' id='word_1_255' title='bbox 1159 3768 1314 3831; x_wconf 82' lang='lat' dir='ltr'>fabricante,</span> 
     </span>
    </p>
   </div>
   <div class='ocr_carea' id='block_1_8' title="bbox 189 3862 1316 4300">
    <p class='ocr_par' dir='ltr' id='par_1_11' title="bbox 189 3862 1252 3943">
     <span class='ocr_line' id='line_1_32' title="bbox 189 3862 1252 3943; baseline 0.001 -3"><span class='ocrx_word' id='word_1_256' title='bbox 189 3887 313 3941; x_wconf 80' lang='lat' dir='ltr'>annexit.</span> <span class='ocrx_word' id='word_1_257' title='bbox 332 3886 422 3940; x_wconf 80' lang='lat' dir='ltr'>Enoch</span> <span class='ocrx_word' id='word_1_258' title='bbox 439 3906 456 3942; x_wconf 91' lang='lat' dir='ltr'>o</span> <span class='ocrx_word' id='word_1_259' title='bbox 549 3888 658 3942; x_wconf 86' lang='lat' dir='ltr'>Aenoch</span> <span class='ocrx_word' id='word_1_260' title='bbox 676 3888 704 3941; x_wconf 93' lang='lat' dir='ltr'><strong><em>P</em></strong></span> <span class='ocrx_word' id='word_1_261' title='bbox 800 3890 832 3942; x_wconf 88' lang='grc'>16</span> <span class='ocrx_word' id='word_1_262' title='bbox 850 3862 912 3943; x_wconf 72' lang='lat' dir='ltr'>ter&#39;ae</span> <span class='ocrx_word' id='word_1_263' title='bbox 930 3888 958 3942; x_wconf 92' lang='lat' dir='ltr'><strong><em>P</em></strong></span> <span class='ocrx_word' id='word_1_264' title='bbox 1052 3887 1101 3942; x_wconf 85' lang='lat' dir='ltr'>snb</span> <span class='ocrx_word' id='word_1_265' title='bbox 1120 3889 1199 3941; x_wconf 86' lang='lat' dir='ltr'>morti</span> <span class='ocrx_word' id='word_1_266' title='bbox 1217 3886 1252 3941; x_wconf 88' lang='lat' dir='ltr'><strong><em>H</em></strong></span> 
     </span>
    </p>

    <p class='ocr_par' dir='ltr' id='par_1_12' title="bbox 189 3959 1316 4300">
     <span class='ocr_line' id='line_1_33' title="bbox 191 3959 1316 4045; baseline 0 -19"><span class='ocrx_word' id='word_1_267' title='bbox 191 3972 224 4026; x_wconf 75' lang='lat'>17</span> <span class='ocrx_word' id='word_1_268' title='bbox 242 3974 392 4026; x_wconf 85' lang='lat' dir='ltr'>subtractus</span> <span class='ocrx_word' id='word_1_269' title='bbox 409 3974 446 4027; x_wconf 83' lang='lat' dir='ltr'>P¹</span> <span class='ocrx_word' id='word_1_270' title='bbox 464 3976 506 4040; x_wconf 78' lang='lat' dir='ltr'>(td</span> <span class='ocrx_word' id='word_1_271' title='bbox 524 3990 594 4029; x_wconf 82' lang='lat' dir='ltr'>cerr.</span> <span class='ocrx_word' id='word_1_272' title='bbox 612 3990 645 4029; x_wconf 86' lang='lat' dir='ltr'>m.</span> <span class='ocrx_word' id='word_1_273' title='bbox 657 3978 697 4041; x_wconf 79' lang='lat'>2),</span> <span class='ocrx_word' id='word_1_274' title='bbox 734 3975 919 4045; x_wconf 73' lang='lat' dir='ltr'>sublstraotus</span> <span class='ocrx_word' id='word_1_275' title='bbox 937 3976 965 4031; x_wconf 84' lang='lat' dir='ltr'><em>R</em></span> <span class='ocrx_word' id='word_1_276' title='bbox 984 3959 986 3967; x_wconf 44' lang='lat'><em>&#39;</em></span> <span class='ocrx_word' id='word_1_277' title='bbox 1067 3975 1101 4028; x_wconf 92' lang='lat'>18</span> <span class='ocrx_word' id='word_1_278' title='bbox 1118 3990 1154 4027; x_wconf 81' lang='lat' dir='ltr'>nu</span> <span class='ocrx_word' id='word_1_279' title='bbox 1173 3988 1316 4027; x_wconf 77' lang='lat' dir='ltr'>concnenv</span> 
     </span>
     <span class='ocr_line' id='line_1_34' title="bbox 189 4060 1316 4127; baseline -0.001 -14"><span class='ocrx_word' id='word_1_280' title='bbox 189 4073 282 4113; x_wconf 75' lang='lat' dir='ltr'>suain</span> <span class='ocrx_word' id='word_1_281' title='bbox 310 4074 344 4112; x_wconf 80' lang='lat' dir='ltr'>nu</span> <span class='ocrx_word' id='word_1_282' title='bbox 372 4074 534 4115; x_wconf 68' lang='lat' dir='ltr'>nuncnune</span> <span class='ocrx_word' id='word_1_283' title='bbox 563 4060 603 4126; x_wconf 84' lang='lat' dir='ltr'>R,</span> <span class='ocrx_word' id='word_1_284' title='bbox 644 4076 680 4113; x_wconf 85' lang='lat' dir='ltr'>on</span> <span class='ocrx_word' id='word_1_285' title='bbox 710 4074 804 4116; x_wconf 80' lang='lat' dir='ltr'>unnuv</span> <span class='ocrx_word' id='word_1_286' title='bbox 833 4075 944 4117; x_wconf 76' lang='lat' dir='ltr'>annana</span> <span class='ocrx_word' id='word_1_287' title='bbox 972 4062 1015 4126; x_wconf 87' lang='lat' dir='ltr'>H,</span> <span class='ocrx_word' id='word_1_288' title='bbox 1057 4061 1089 4113; x_wconf 92' lang='lat' dir='ltr'>de</span> <span class='ocrx_word' id='word_1_289' title='bbox 1114 4060 1196 4127; x_wconf 88' lang='lat' dir='ltr'>partu</span> <span class='ocrx_word' id='word_1_290' title='bbox 1224 4061 1316 4113; x_wconf 85' lang='lat' dir='ltr'>Sarrae</span> 
     </span>
     <span class='ocr_line' id='line_1_35' title="bbox 190 4146 1316 4217; baseline 0.001 -19"><span class='ocrx_word' id='word_1_291' title='bbox 190 4146 383 4213; x_wconf 86' lang='lat' dir='ltr'>nonagenariaa</span> <span class='ocrx_word' id='word_1_292' title='bbox 400 4146 540 4199; x_wconf 80' lang='lat' dir='ltr'>steriliso</span> <span class='ocrx_word' id='word_1_293' title='bbox 642 4148 721 4201; x_wconf 87' lang='lat' dir='ltr'>Sarae</span> <span class='ocrx_word' id='word_1_294' title='bbox 745 4147 772 4202; x_wconf 84' lang='lat' dir='ltr'><em>R</em></span> <span class='ocrx_word' id='word_1_295' title='bbox 874 4149 907 4201; x_wconf 89' lang='grc'>19</span> <span class='ocrx_word' id='word_1_296' title='bbox 931 4148 1064 4217; x_wconf 86' lang='lat' dir='ltr'>grandeuo</span> <span class='ocrx_word' id='word_1_297' title='bbox 1088 4147 1153 4201; x_wconf 80' lang='lat' dir='ltr'>ttbrt</span> <span class='ocrx_word' id='word_1_298' title='bbox 1256 4162 1316 4199; x_wconf 88' lang='lat' dir='ltr'>san·</span> 
     </span>
     <span class='ocr_line' id='line_1_36' title="bbox 189 4231 1316 4300; baseline 0.001 -16"><span class='ocrx_word' id='word_1_299' title='bbox 189 4231 280 4299; x_wconf 87' lang='lat' dir='ltr'>guinis</span> <span class='ocrx_word' id='word_1_300' title='bbox 305 4231 341 4284; x_wconf 92' lang='lat' dir='ltr'><strong><em>H</em></strong></span> <span class='ocrx_word' id='word_1_301' title='bbox 363 4232 428 4284; x_wconf 82' lang='lat' dir='ltr'>Par.</span> <span class='ocrx_word' id='word_1_302' title='bbox 541 4232 674 4285; x_wconf 82' lang='lat' dir='ltr'>exstintus</span> <span class='ocrx_word' id='word_1_303' title='bbox 700 4234 733 4285; x_wconf 93' lang='lat' dir='ltr'><strong><em>H</em></strong></span> <span class='ocrx_word' id='word_1_304' title='bbox 842 4232 977 4300; x_wconf 87' lang='lat' dir='ltr'>desperate</span> <span class='ocrx_word' id='word_1_305' title='bbox 1004 4234 1031 4287; x_wconf 95' lang='lat' dir='ltr'><strong><em>P</em></strong></span> <span class='ocrx_word' id='word_1_306' title='bbox 1143 4231 1174 4285; x_wconf 83' lang='lat'>21</span> <span class='ocrx_word' id='word_1_307' title='bbox 1204 4232 1316 4285; x_wconf 89' lang='lat' dir='ltr'>conubia</span> 
     </span>
    </p>
   </div>
   <div class='ocr_carea' id='block_1_9' title="bbox 189 4343 816 4439">
    <p class='ocr_par' dir='ltr' id='par_1_13' title="bbox 189 4343 816 4439">
     <span class='ocr_line' id='line_1_37' title="bbox 189 4343 816 4439; baseline 0.003 -16"><span class='ocrx_word' id='word_1_308' title='bbox 189 4365 251 4423; x_wconf 82' lang='lat' dir='ltr'>RH</span> <span class='ocrx_word' id='word_1_309' title='bbox 334 4343 414 4424; x_wconf 58' lang='lat' dir='ltr'>suffici</span> <span class='ocrx_word' id='word_1_310' title='bbox 432 4369 459 4423; x_wconf 88' lang='lat' dir='ltr'><strong><em>P</em></strong></span> <span class='ocrx_word' id='word_1_311' title='bbox 474 4386 544 4426; x_wconf 83' lang='lat' dir='ltr'>corr.</span> <span class='ocrx_word' id='word_1_312' title='bbox 556 4387 590 4424; x_wconf 77' lang='lat' dir='ltr'>aa.</span> <span class='ocrx_word' id='word_1_313' title='bbox 602 4374 628 4437; x_wconf 79' lang='lat'>2,</span> <span class='ocrx_word' id='word_1_314' title='bbox 655 4371 763 4439; x_wconf 87' lang='lat' dir='ltr'>signum</span> <span class='ocrx_word' id='word_1_315' title='bbox 780 4372 816 4425; x_wconf 88' lang='lat' dir='ltr'><strong><em>H</em></strong></span> 
     </span>
    </p>
   </div>
   <div class='ocr_carea' id='block_1_10' title="bbox 0 0 1576 5034">
    <p class='ocr_par' dir='ltr' id='par_1_14' title="bbox 0 0 1576 5034">
     <span class='ocr_line' id='line_1_38' title="bbox 0 0 1576 5034; baseline 0 0"><span class='ocrx_word' id='word_1_316' title='bbox 0 0 1576 5034; x_wconf 95' lang='lat' dir='ltr'> </span> 
     </span>
    </p>
   </div>
  </div>
 </body>
</html>
