3142 5034
527 411 682 467 Paschal.
700 411 820 480 Operis
843 412 911 465 nib.
929 412 952 467 1.
1242 416 1302 481 193

175 601 250 685 plici
273 602 436 669 maiestate
458 604 499 668 sit
521 604 645 686 triplex,
669 608 701 668 et
718 601 837 686 triplici
858 618 987 683 persona
1002 602 1046 667 sit
1060 602 1198 687 simplex.
1226 603 1302 671 haee

175 708 223 770 est
245 704 323 772 fides
345 724 421 771 uera
442 708 476 771 et
495 706 585 772 lirma
608 705 785 771 credulitas.
880 738 883 743 ,

216 826 307 892 Hauc
339 828 472 893 salutem
505 827 615 893 infelix
637 827 750 893 Arrius
783 825 896 890 habere
923 826 1120 907 contempsit,
1158 826 1212 909 qni
1244 832 1352 909 perit

173 929 281 995 deuios
304 932 392 996 curui
414 930 503 996 callis
525 931 683 996 anfractus
706 933 781 995 dum
804 930 923 994 rectum
945 929 1059 995 nititur
1073 930 1133 995 iter
1148 934 1297 1008 auertere,

149 1035 288 1098 etetrsm
317 1033 455 1116 dilapsus
477 1032 512 1098 in
534 1034 658 1099 foueam
681 1030 847 1117 caligantis
869 1032 980 1097 tartari
1003 1035 1125 1097 secutus
1146 1035 1196 1097 est
1209 1037 1299 1099 tene-

171 1134 271 1213 brosa,
306 1140 371 1201 tam
399 1154 491 1201 sensu
519 1155 636 1202 uacuus
666 1138 698 1201 et
725 1135 828 1202 inanis
850 1154 943 1218 quam
965 1138 1105 1219 tempore
1127 1138 1203 1202 iusti
1225 1154 1299 1221 sup-

169 1239 258 1322 plicii
281 1242 388 1304 uentre
403 1258 524 1322 quoqne
539 1258 655 1305 uacuus
672 1239 750 1306 fissis
765 1239 938 1305 uisceribus
954 1240 1136 1322 exspirauit.
1161 1242 1297 1324 demens,

169 1344 224 1424 qui
244 1346 390 1425 paternae
412 1342 589 1409 diuinitatis
611 1344 690 1423 iura,
713 1344 831 1409 nullius
854 1345 992 1427 exemplo
1015 1343 1230 1409 similitudinis
1246 1361 1297 1408 ee-

169 1448 337 1527 aeqnauda,
363 1446 488 1511 caducis
510 1446 638 1528 putauit
659 1445 810 1531 gradibus
841 1448 1014 1531 conparari!
1048 1450 1129 1512 inter
1156 1446 1296 1511 homines

131 1566 301 1629 nonamque
324 1546 442 1613 carnali
464 1545 534 1630 lege
555 1549 716 1611 nascentes
738 1546 824 1612 filius
847 1549 948 1612 minor
964 1550 1011 1612 est
1026 1551 1123 1629 patre,
1147 1546 1294 1630 quoniam

167 1652 258 1733 pater
278 1650 345 1733 ipss
368 1648 422 1733 qui
443 1648 547 1714 tilium
568 1668 651 1714 nunc
673 1650 828 1731 praeeedit
851 1650 942 1733 poulo
964 1652 1037 1715 ente
1059 1648 1144 1715 filius
1167 1650 1238 1729 tuit,
1262 1653 1294 1714 et

167 1754 221 1836 qui
255 1753 339 1818 lilius
368 1772 435 1819 esse
464 1771 547 1819 nunc
576 1754 727 1834 cernitur,
765 1774 837 1820 eum
865 1758 988 1838 patrem
1018 1754 1086 1819 fieri
1114 1773 1204 1837 posse
1232 1774 1291 1820 non

68 1919 73 1926 .
166 1858 299 1921 habetur
314 1855 509 1941 ambiguum.
533 1856 579 1921 sie
593 1876 648 1940 per
664 1876 788 1923 omnem
805 1862 952 1941 nepotum
969 1859 1080 1924 seriem
1097 1876 1177 1925 noua
1190 1859 1291 1940 proles

166 1960 302 2023 excurrit
324 1960 356 2023 et
377 1977 506 2025 auorum
528 1962 614 2026 ataui
636 1961 721 2026 senio
744 1964 949 2026 numerantur
970 1962 1101 2044 ingenti.
1129 1960 1291 2039 Dominus,

128 2087 155 2128 15
164 2067 282 2143 autem,
311 2063 365 2145 qui
395 2064 544 2146 uerbum,
582 2064 696 2147 uirtus,
732 2063 883 2145 sapientia
924 2067 956 2128 et
991 2064 1094 2129 totum
1130 2082 1293 2129 commune

163 2166 268 2231 Patris
291 2170 339 2231 est
360 2164 511 2248 Christus,
545 2165 583 2231 de
606 2167 726 2232 lumine
748 2168 855 2231 lumen
878 2166 1028 2249 exortum,
1057 2170 1094 2234 de
1117 2166 1183 2232 solu
1204 2166 1291 2231 solus

164 2269 213 2333 est
235 2273 335 2348 natus,
359 2268 414 2353 qui
436 2288 493 2334 nec
514 2271 608 2336 Patre
631 2270 735 2335 minor
757 2270 789 2335 in
812 2272 927 2355 aliquo,
951 2290 1008 2336 nec
1024 2275 1070 2337 est
1086 2290 1146 2354 quo
1162 2274 1288 2350 crescet,

162 2372 254 2437 rebus
282 2373 437 2439 uniuersis
465 2374 627 2459 excelsior,
665 2375 780 2458 quippe
808 2374 862 2457 qui
890 2376 1031 2457 genitus,
1069 2393 1129 2440 non
1159 2376 1289 2450 creatus,

162 2493 278 2540 nomen
299 2475 395 2541 habet
415 2496 472 2559 pro
500 2478 684 2542 summitate
705 2478 973 2560 Principium:
1001 2480 1047 2542 ita
1074 2478 1157 2542 enim
1179 2496 1287 2543 seeun-

127 2601 154 2639 ω
164 2579 240 2643 dum
255 2579 428 2644 Iohannem
440 2580 564 2646 Iudaeis
585 2580 814 2663 requirentibus
836 2600 902 2646 sese
917 2579 996 2645 dixit
1011 2599 1075 2645 esse
1091 2580 1287 2663 principium.

164 2682 240 2763 qnid
263 2684 311 2747 est
332 2700 404 2766 ergo
426 2684 614 2767 principium
636 2683 697 2748 nisi
719 2702 868 2749 cacumen
891 2684 1056 2765 excelsum,
1086 2700 1181 2765 supra
1208 2684 1288 2764 quod

212 2935 227 2988 1
246 2950 357 3004 persona
374 2936 516 2990 maiestate
532 2936 561 2990 R
659 2941 723 3004 poet
749 2936 850 3005 triplici
875 2938 996 3006 spetiem
1019 2942 1036 2992 7
1061 2938 1113 2991 litt.
1136 2938 1168 2991 iu
1190 2938 1225 2990 H

158 3126 200 3193 R,
231 3142 282 3180 om.
306 3126 358 3179 He
458 3126 600 3180 deortui*
622 3125 702 3179 calles
719 3124 753 3177 H
852 3140 964 3195 regnum
983 3126 1011 3180 Ρ
1112 3127 1287 3179 breonense

157 3246 297 3301 tenebrosa
319 3246 347 3300 P
370 3248 416 3313 (cf.
433 3262 459 3301 u.
476 3247 557 3313 302),
591 3210 728 3299 umeri}
750 3243 918 3299 tenebrosam
941 3246 1024 3331 (uiam
1042 3260 1061 3298 a
1081 3260 1116 3299 m.
1134 3247 1165 3311 2)
1189 3244 1228 3310 R,
1263 3248 1285 3299 t.

157 3368 179 3407 s.
197 3352 239 3403 est
256 3347 422 3402 tenebrosum
440 3348 473 3401 n
568 3348 730 3402 cummis
747 3348 776 3404 a
873 3320 972 3417 aquil
990 3358 1044 3417 (οφ
1061 3364 1079 3402 a
1095 3364 1130 3401 m.
1143 3348 1174 3415 2)
1191 3348 1218 3402 P

157 3434 333 3507 quoequanda
360 3434 388 3487 P
520 3435 711 3503 9cenparaue
738 3436 769 3501 (⁶
789 3450 806 3487 a
827 3450 861 3488 ue.
880 3436 911 3502 2)
937 3434 982 3499 H,
1027 3434 1219 3503 computaris

157 3540 191 3594 lo
207 3509 342 3621 nascentis
360 3538 400 3605 R,
434 3538 569 3593 nascentis
587 3536 622 3591 H
715 3538 746 3591 11
765 3523 842 3626 patre
859 3538 915 3605 ipse
933 3537 961 3591 Ρ
1052 3539 1099 3606 qui
1117 3554 1167 3594 orn.
1186 3536 1220 3591 H

156 3642 190 3696 12
207 3641 280 3695 filius
298 3629 326 3696 e]
344 3642 380 3696 H
477 3640 628 3711 putrefieri
648 3655 721 3709 possa
739 3640 774 3697 H
868 3643 896 3694 et
913 3640 961 3709 qni
977 3640 1051 3695 filius
1069 3656 1125 3695 esse
1142 3657 1213 3695 nune
1231 3657 1284 3696 cer-

155 3729 239 3797 nitur,
263 3731 398 3796 compater
418 3728 473 3784 Col.
496 3727 583 3792 Gau„
618 3728 646 3780 et
668 3726 716 3795 qni
738 3724 812 3781 filius
830 3729 879 3791 est,
897 3742 968 3781 nunc
985 3727 1111 3794 cernitur,
1130 3742 1189 3783 cum
1208 3731 1284 3796 pater

155 3850 221 3905 Par.
240 3851 324 3906 Areu.
416 3848 449 3903 13
466 3848 548 3915 prolia
566 3846 595 3901 P
684 3845 719 3900 14
735 3811 829 3931 aptoni
847 3847 871 3913 (t
888 3848 993 3911 ΜΗ)
1012 3844 1048 3913 Ρ,
1078 3846 1167 3901 attaui
1184 3847 1220 3901 H

154 3954 388 4008 seuinumerantur
410 3951 455 4015 H,
490 3950 558 4005 serie
580 3950 755 4004 numerantur
777 3950 846 4003 coni.
867 3950 951 4005 Arcu.
1054 3949 1163 4019 ingente
1184 3950 1218 4004 H

153 4038 188 4092 15
205 4038 306 4108 autem]
326 4054 377 4091 om.
394 4037 449 4091 He
543 4036 590 4103 qui
609 4035 719 4089 uerbum
737 4036 852 4089 docuit
869 4035 897 4089 P
1001 4036 1033 4089 16
1050 4035 1164 4089 lumento
1182 4036 1218 4089 H

154 4122 187 4175 17
205 4122 272 4175 alico
291 4122 391 4190 (aliquo
403 4136 474 4175 corr.
485 4123 517 4188 2)
534 4121 569 4173 H
655 4118 690 4173 20
707 4118 852 4174 Iohannem
865 4122 891 4187 (o
902 4122 936 4173 irc
947 4125 1014 4185 rae.)
1027 4119 1062 4173 H
1143 4118 1233 4189 Iudeis
1246 4121 1282 4186 R,

152 4241 244 4297 Iudeis
272 4241 332 4296 PH
432 4242 530 4294 dixisse
556 4240 589 4305 P,
626 4205 831 4323 dixiiienlcorr.
844 4242 920 4307 Μ)
939 4238 974 4306 R,
1005 4238 1073 4293 dixit
1090 4254 1146 4293 ease
1163 4241 1214 4295 He

152 4345 186 4399 21
205 4345 311 4413 quiesi
328 4344 356 4397 P
415 4411 418 4415 .
457 4359 483 4412 q.
501 4359 523 4398 e.
542 4344 703 4413 principium
720 4345 795 4397 esto

203 4446 237 4503 X.
1145 4449 1177 4502 13
