3142 5034
559 421 712 489 Remigii
735 421 913 490 expositio,
1238 422 1298 488 331

173 616 294 676 silentes
322 615 552 686 meditabantur;
583 615 712 674 ambulat
739 601 961 690 Peripateticus,
992 619 1051 676 stat
1074 617 1198 688 Stoicus
1224 619 1302 676 amat

172 722 259 779 fletus
283 721 425 796 Socrates,
449 719 499 794 qni
521 735 632 794 semper
661 719 751 778 flabat
776 737 809 779 eo
832 721 905 793 quod
927 721 1040 780 uideret
1062 721 1192 780 hominos
1215 719 1302 781 huius

172 823 283 882 saeculi
310 823 384 881 uitia
413 821 531 895 sectari,
562 823 671 896 crispat
700 823 872 882 cachinnum
904 824 1092 896 Democritus,
1116 826 1166 897 qni
1189 841 1302 899 semper

172 924 273 984 risisse
301 924 416 996 dicitur,
446 924 514 996 quia
542 923 660 984 uidebat
689 925 820 984 hominos
853 925 1008 984 auaritiam
1038 928 1067 984 et
1093 927 1191 1000 turpia
1221 928 1302 987 lucra

148 1026 260 1088 shuius
282 1025 391 1086 saeculi
413 1026 529 1085 sectari.
566 1025 645 1085 Hinc
666 1025 817 1086 quenalis
843 1023 988 1100 ‘perpetuo
1008 1027 1070 1088 risu
1093 1029 1205 1101 agitare
1228 1031 1302 1089 sole·

170 1132 223 1188 bat
245 1131 407 1202 pulmonem
429 1125 631 1190 Democritns'.
675 1129 830 1188 Vexilla
852 1129 986 1189 dicuntur
1004 1149 1022 1188 a
1037 1131 1179 1191 uehendo.
1203 1132 1299 1190 Vexil-

171 1234 232 1292 lum
260 1236 305 1292 est
334 1233 447 1306 signum
469 1223 611 1293 'militare
655 1235 769 1292 Ianua
798 1251 874 1294 uos.
912 1233 1127 1308 Apostrophum
1161 1234 1233 1296 facit
1267 1235 1304 1294 ad

172 1336 250 1414 illos,
272 1337 322 1410 qui
345 1336 461 1395 Christo
483 1335 622 1394 militant.
651 1335 748 1396 Ianua
769 1336 875 1395 dicitur
898 1335 1041 1414 Christus,
1059 1335 1127 1410 quia
1142 1337 1303 1413 peripsum

172 1441 291 1500 aeuitur
320 1440 357 1497 ad
386 1439 491 1512 ipsum.
528 1441 621 1498 Ianua
648 1439 694 1499 cst
725 1439 842 1499 initium
871 1441 971 1498 domus
1000 1441 1030 1497 ot
1059 1438 1164 1501 (licitur
1191 1441 1302 1500 alano
1337 1493 1345 1517 ,

136 1568 163 1607 10
173 1543 237 1616 (loo,
261 1544 306 1601 cui
330 1544 528 1601 consecratum
550 1545 614 1600 erat
635 1541 751 1602 initium
780 1541 1005 1616 uniuscuiusque
1029 1541 1080 1602 roi.
1118 1543 1191 1602 Inde
1212 1545 1303 1602 Ianu-

174 1645 251 1704 arius
274 1646 382 1704 mensis
405 1645 512 1704 dicitnr
541 1661 573 1704 ec
605 1645 679 1718 quod
709 1644 778 1704 anni
806 1645 845 1703 sit
874 1643 1059 1718 principium.
1106 1649 1148 1705 In
1170 1639 1253 1706 albo
1276 1647 1302 1706 ·i·

174 1751 206 1808 in
228 1749 347 1808 caelesti
362 1748 444 1807 libro.
472 1747 580 1806 Album
595 1749 641 1807 est
655 1748 766 1822 tabula,
782 1748 832 1807 ubi
848 1749 1050 1808 scribebantur
1067 1765 1161 1808 eorum
1177 1750 1303 1820 nomina,

157 1853 223 1925 -qui
256 1853 292 1910 ad
326 1851 458 1910 militiam
493 1850 715 1925 recipiebantur,
744 1853 774 1910 et
796 1852 822 1910 si
852 1852 957 1924 aliquis
987 1869 1083 1911 eorum
1112 1853 1303 1925 iuteremptus

174 1956 260 2029 esset,
285 1955 321 2012 ad
343 1957 431 2028 caput
452 1956 576 2014 neminis
599 1954 691 2027 ipsius
716 1952 745 2012 Θ
765 1953 866 2014 littera
889 1955 1079 2025 scribebatur,
1095 1972 1168 2028 quae
1183 1957 1303 2014 mortem

134 2057 326 2132 15significat.
371 2057 508 2116 Tremit
531 2057 558 2114 ·i·
580 2058 665 2116 sonat
693 2058 779 2131 atquo
813 2055 899 2116 dicit:
934 2058 1038 2116 Parate
1072 2057 1147 2117 uiam
1180 2058 1302 2117 domino.

172 2161 239 2220 Leo
261 2178 400 2234 maguam
421 2175 520 2219 uocem
542 2160 630 2218 habet
652 2162 681 2218 et
704 2158 767 2232 ipse
786 2163 831 2218 est
846 2177 896 2218 rex
911 2161 1079 2234 bestiarum,
1095 2160 1304 2234 propterquod

172 2281 240 2323 uere
263 2265 379 2324 Marcus
401 2263 431 2322 in
454 2261 676 2322 similitudinem
699 2263 789 2322 lconis
812 2262 955 2344 pingitur,
978 2263 1046 2337 quia
1069 2281 1103 2322 aa
1126 2279 1195 2323 uoce
1220 2281 1303 2324 sunm

172 2366 322 2426 inchoarit
356 2366 536 2440 euangelium
563 2369 596 2425 ut
623 2383 679 2425 nox
708 2365 860 2426 clamantis
895 2369 926 2426 in
959 2367 1084 2439 deserto,
1119 2367 1149 2427 et
1176 2368 1303 2442 regalem

173 2469 283 2528 Christi
306 2469 444 2529 describit
465 2467 649 2543 dignitatem.
688 2468 862 2544 quenci,
894 2469 991 2532 uituli.
1025 2471 1169 2530 quencns
1196 2471 1303 2529 dicitur

131 2589 191 2638 20a
223 2572 368 2632 iuuamino
402 2589 434 2632 ee
467 2574 542 2646 qued
575 2573 707 2632 iuuamen
745 2574 885 2646 praebeat
919 2574 956 2630 ad
989 2572 1158 2632 sulcandam
1194 2575 1303 2632 terram

172 2674 347 2734 hominibus.
384 2678 529 2734 quencus
552 2677 629 2734 enim
658 2679 722 2734 erat
750 2674 856 2735 solitus
890 2675 1032 2736 immolari
1065 2676 1096 2734 in
1125 2674 1244 2748 templo,
1274 2679 1304 2734 et

170 2780 266 2839 Lucas
297 2795 333 2839 ea
358 2778 505 2855 describit,
534 2796 607 2853 qnae
637 2778 768 2838 domiuus
797 2781 826 2839 in
856 2778 964 2854 templo
998 2781 1028 2838 et
1056 2777 1132 2838 circa
1164 2779 1303 2852 templum

171 2883 275 2955 gessit.
319 2883 465 2942 Iohannes
494 2899 547 2955 per
569 2882 696 2955 aquilam
719 2882 898 2954 designatur,
932 2881 1001 2955 qnia
1032 2881 1107 2940 sicut
1144 2881 1242 2954 aquila
1274 2881 1302 2939 in

173 2985 367 3044 rouerberatis
390 2984 481 3044 oculis
497 2985 587 3044 solem
609 2984 725 3058 aspicit,
747 2984 791 3042 ita
812 2983 959 3044 lohannes
983 3001 1070 3058 supra
1093 3001 1192 3043 omues
1209 2983 1303 3043 caelos

132 3087 298 3152 ancolitano
332 3087 516 3146 diuinitatem
554 3087 679 3160 Christi,
718 3105 803 3162 quam
837 3088 924 3148 ceteri
959 3087 1155 3162 euangelistae
1190 3087 1303 3148 descri-

173 3190 290 3253 bebant.
330 3192 513 3251 Proceres
535 3193 562 3251 i.
579 3192 737 3266 principes.
767 3191 902 3252 Procercs
918 3191 1033 3266 proprie
1049 3190 1184 3250 licuntur
1200 3189 1304 3250 mutuli

172 3294 200 3352 ·i·
229 3293 324 3367 capita
353 3295 488 3370 trabium,
527 3312 599 3370 qnae
633 3296 759 3354 eminant
793 3294 823 3354 in
857 3293 1004 3354 aedificiis.
1043 3293 1120 3353 Hinc
1142 3293 1303 3368 'principes

171 3413 307 3470 proceres
322 3397 459 3456 cruuntur
474 3414 507 3456 eo
522 3397 599 3472 quod
613 3398 757 3456 emineant
771 3397 849 3455 inter
865 3397 985 3456 ceteros.
1019 3396 1161 3455 Mensis
1184 3399 1304 3456 necatur

171 3515 191 3558 a
211 3516 294 3558 mene
317 3501 344 3559 i·
366 3518 384 3558 a
405 3499 486 3572 luna,
510 3499 578 3574 quia
600 3500 758 3559 secundnm
781 3515 896 3556 cursum
913 3499 998 3558 lunae
1014 3500 1164 3560 mutantur
1179 3516 1302 3560 menses.

133 3604 355 3678 achlaniplos
377 3604 558 3679 primitiuum
581 3605 635 3674 est,
663 3603 731 3661 indo
752 3601 916 3674 manipulus
944 3601 1156 3675 diminutinum,
1188 3603 1303 3676 proprie

174 3708 272 3765 autem
302 3707 454 3781 quingenti
482 3707 599 3779 milites,
630 3706 705 3769 idem
734 3707 778 3763 cst
795 3707 837 3780 ot
873 3706 982 3764 cohors.
1022 3705 1185 3780 Manipnlos
1218 3708 1303 3765 uocat
1369 3773 1371 3778 .

173 3811 250 3871 bona
273 3827 368 3885 opera.
402 3811 498 3870 Meto
521 3812 567 3868 est
589 3809 707 3884 colligo,
729 3809 795 3868 inis
818 3809 924 3869 dicitur
947 3810 1060 3882 messis,
1086 3811 1159 3882 qnod
1176 3807 1302 3883 singulis

173 3913 257 3972 annis
287 3913 451 3987 colligatur.
489 3913 593 3972 Metior
621 3911 734 3970 metiris
763 3914 809 3970 ost
836 3929 981 3983 mensuro,
1004 3913 1095 3970 meter
1117 3911 1235 3970 mebris
1258 3911 1302 3970 est

276 4094 462 4150 ssetxaa

225 4264 260 4319 10
276 4238 338 4319 i'mr
356 4267 386 4333 (a
403 4282 422 4320 a
439 4282 473 4320 m.
491 4267 522 4333 a)
539 4266 567 4319 A
672 4265 704 4319 18
720 4228 807 4320 ‘r‘roito
826 4264 870 4332 (ae
887 4280 905 4317 a
922 4279 957 4318 a.
975 4265 1004 4327 a)
1024 4264 1050 4316 A
1137 4261 1303 4318 decantabat

173 4351 201 4404 A
303 4351 335 4406 31
355 4353 449 4407 choors
467 4352 494 4405 A
