<?xml version="1.0" encoding="UTF-8"?>
<!DOCTYPE html PUBLIC "-//W3C//DTD XHTML 1.0 Transitional//EN"
    "http://www.w3.org/TR/xhtml1/DTD/xhtml1-transitional.dtd">
<html xmlns="http://www.w3.org/1999/xhtml" xml:lang="en" lang="en">
 <head>
  <title>
</title>
<meta http-equiv="Content-Type" content="text/html;charset=utf-8" />
  <meta name='ocr-system' content='tesseract 3.04.00' />
  <meta name='ocr-capabilities' content='ocr_page ocr_carea ocr_par ocr_line ocrx_word'/>
</head>
<body>
  <div class='ocr_page' id='page_1' title='image "./corpusscriptoru06wiengoog_0049.png"; bbox 0 0 3142 5034; ppageno 0'>
   <div class='ocr_carea' id='block_1_1' title="bbox 1147 401 1299 454">
    <p class='ocr_par' dir='ltr' id='par_1_1' title="bbox 1147 401 1299 454">
     <span class='ocr_line' id='line_1_1' title="bbox 1147 401 1299 454; baseline 0.039 -6"><span class='ocrx_word' id='word_1_1' title='bbox 1147 401 1299 454; x_wconf 80' lang='lat' dir='ltr'>xxxvml</span> 
     </span>
    </p>
   </div>
   <div class='ocr_carea' id='block_1_2' title="bbox 167 571 1298 2306">
    <p class='ocr_par' dir='ltr' id='par_1_2' title="bbox 167 571 1298 2306">
     <span class='ocr_line' id='line_1_2' title="bbox 170 571 1298 654; baseline 0.002 -18"><span class='ocrx_word' id='word_1_2' title='bbox 170 571 311 654; x_wconf 83' lang='lat' dir='ltr'>aliasque</span> <span class='ocrx_word' id='word_1_3' title='bbox 332 571 507 639; x_wconf 88' lang='lat' dir='ltr'>Parisinam</span> <span class='ocrx_word' id='word_1_4' title='bbox 537 571 786 654; x_wconf 78' lang='lat' dir='ltr'>antiquissimam</span> <span class='ocrx_word' id='word_1_5' title='bbox 815 573 889 638; x_wconf 83' lang='lat' dir='ltr'>anni</span> <span class='ocrx_word' id='word_1_6' title='bbox 918 571 1001 641; x_wconf 79' lang='grc'>1689</span> <span class='ocrx_word' id='word_1_7' title='bbox 1032 573 1215 643; x_wconf 81' lang='lat' dir='ltr'>contulerat.</span> <span class='ocrx_word' id='word_1_8' title='bbox 1251 575 1298 638; x_wconf 84' lang='lat' dir='ltr'>llx</span> 
     </span>
     <span class='ocr_line' id='line_1_3' title="bbox 171 673 1296 760; baseline 0.004 -24"><span class='ocrx_word' id='word_1_9' title='bbox 171 673 356 739; x_wconf 89' lang='lat' dir='ltr'>lectionibus</span> <span class='ocrx_word' id='word_1_10' title='bbox 390 693 577 756; x_wconf 86' lang='lat' dir='ltr'>quemquam</span> <span class='ocrx_word' id='word_1_11' title='bbox 610 676 715 756; x_wconf 79' lang='lat' dir='ltr'>paucis</span> <span class='ocrx_word' id='word_1_12' title='bbox 746 693 782 738; x_wconf 87' lang='lat' dir='ltr'>ex</span> <span class='ocrx_word' id='word_1_13' title='bbox 813 674 1000 740; x_wconf 80' lang='lat' dir='ltr'>editionibus</span> <span class='ocrx_word' id='word_1_14' title='bbox 1031 676 1185 760; x_wconf 73' lang='lat' dir='ltr'>excerptis</span> <span class='ocrx_word' id='word_1_15' title='bbox 1217 677 1296 746; x_wconf 76' lang='lat' dir='ltr'>satis</span> 
     </span>
     <span class='ocr_line' id='line_1_4' title="bbox 172 777 1297 864; baseline 0.004 -25"><span class='ocrx_word' id='word_1_16' title='bbox 172 793 348 859; x_wconf 84' lang='lat' dir='ltr'>cognosces,</span> <span class='ocrx_word' id='word_1_17' title='bbox 373 795 467 863; x_wconf 88' lang='lat' dir='ltr'>quam</span> <span class='ocrx_word' id='word_1_18' title='bbox 490 779 590 842; x_wconf 92' lang='lat' dir='ltr'>multa</span> <span class='ocrx_word' id='word_1_19' title='bbox 612 777 690 844; x_wconf 85' lang='lat' dir='ltr'>uitio</span> <span class='ocrx_word' id='word_1_20' title='bbox 713 795 768 858; x_wconf 90' lang='lat' dir='ltr'>per</span> <span class='ocrx_word' id='word_1_21' title='bbox 794 777 917 842; x_wconf 88' lang='lat' dir='ltr'>saecula</span> <span class='ocrx_word' id='word_1_22' title='bbox 939 777 974 842; x_wconf 87' lang='lat' dir='ltr'>in</span> <span class='ocrx_word' id='word_1_23' title='bbox 999 797 1076 862; x_wconf 84' lang='lat' dir='ltr'>opus</span> <span class='ocrx_word' id='word_1_24' title='bbox 1097 778 1297 864; x_wconf 74' lang='lat' dir='ltr'>irrepserint.</span> 
     </span>
     <span class='ocr_line' id='line_1_5' title="bbox 170 879 1297 962; baseline -0.001 -17"><span class='ocrx_word' id='word_1_25' title='bbox 170 882 216 945; x_wconf 86' lang='lat' dir='ltr'>At</span> <span class='ocrx_word' id='word_1_26' title='bbox 237 898 292 962; x_wconf 88' lang='lat' dir='ltr'>per</span> <span class='ocrx_word' id='word_1_27' title='bbox 313 899 426 950; x_wconf 84' lang='lat' dir='ltr'>aeuum</span> <span class='ocrx_word' id='word_1_28' title='bbox 448 879 586 950; x_wconf 87' lang='lat' dir='ltr'>medium</span> <span class='ocrx_word' id='word_1_29' title='bbox 609 879 712 960; x_wconf 88' lang='lat' dir='ltr'>plures</span> <span class='ocrx_word' id='word_1_30' title='bbox 736 897 829 961; x_wconf 86' lang='lat' dir='ltr'>quam</span> <span class='ocrx_word' id='word_1_31' title='bbox 852 879 942 949; x_wconf 91' lang='lat' dir='ltr'>hodie</span> <span class='ocrx_word' id='word_1_32' title='bbox 958 879 1073 948; x_wconf 82' lang='lat' dir='ltr'>Prosae</span> <span class='ocrx_word' id='word_1_33' title='bbox 1085 881 1183 950; x_wconf 85' lang='lat' dir='ltr'>libros</span> <span class='ocrx_word' id='word_1_34' title='bbox 1197 899 1297 949; x_wconf 78' lang='lat' dir='ltr'>menn</span> 
     </span>
     <span class='ocr_line' id='line_1_6' title="bbox 173 981 1297 1068; baseline 0.001 -20"><span class='ocrx_word' id='word_1_35' title='bbox 173 984 306 1065; x_wconf 89' lang='lat' dir='ltr'>scriptos</span> <span class='ocrx_word' id='word_1_36' title='bbox 328 983 481 1047; x_wconf 74' lang='lat' dir='ltr'>exstitisse</span> <span class='ocrx_word' id='word_1_37' title='bbox 504 1001 540 1046; x_wconf 91' lang='lat' dir='ltr'>ex</span> <span class='ocrx_word' id='word_1_38' title='bbox 563 982 711 1064; x_wconf 82' lang='lat' dir='ltr'>catologis</span> <span class='ocrx_word' id='word_1_39' title='bbox 734 981 868 1047; x_wconf 87' lang='lat' dir='ltr'>uetustis</span> <span class='ocrx_word' id='word_1_40' title='bbox 884 984 1038 1062; x_wconf 86' lang='lat' dir='ltr'>doeemur,</span> <span class='ocrx_word' id='word_1_41' title='bbox 1061 983 1101 1050; x_wconf 83' lang='lat' dir='ltr'>ci.</span> <span class='ocrx_word' id='word_1_42' title='bbox 1119 985 1297 1068; x_wconf 66' lang='lat' dir='ltr'>ecclegem</span> 
     </span>
     <span class='ocr_line' id='line_1_7' title="bbox 170 1084 1296 1173; baseline 0.001 -21"><span class='ocrx_word' id='word_1_43' title='bbox 170 1107 196 1153; x_wconf 88' lang='lat' dir='ltr'>s.</span> <span class='ocrx_word' id='word_1_44' title='bbox 216 1087 263 1152; x_wconf 91' lang='lat' dir='ltr'>XI</span> <span class='ocrx_word' id='word_1_45' title='bbox 286 1086 438 1171; x_wconf 88' lang='lat' dir='ltr'>scriptum</span> <span class='ocrx_word' id='word_1_46' title='bbox 466 1084 671 1150; x_wconf 83' lang='lat' dir='ltr'>bibliothecae</span> <span class='ocrx_word' id='word_1_47' title='bbox 699 1103 781 1150; x_wconf 92' lang='lat' dir='ltr'>nunc</span> <span class='ocrx_word' id='word_1_48' title='bbox 809 1085 986 1170; x_wconf 82' lang='lat' dir='ltr'>incognitae</span> <span class='ocrx_word' id='word_1_49' title='bbox 1008 1087 1090 1173; x_wconf 85' lang='lat' dir='ltr'>apud</span> <span class='ocrx_word' id='word_1_50' title='bbox 1111 1087 1145 1154; x_wconf 89' lang='lat' dir='ltr'>L.</span> <span class='ocrx_word' id='word_1_51' title='bbox 1169 1086 1296 1165; x_wconf 80' lang='lat' dir='ltr'>Denso,</span> 
     </span>
     <span class='ocr_line' id='line_1_8' title="bbox 169 1186 1297 1272; baseline 0.002 -20"><span class='ocrx_word' id='word_1_52' title='bbox 169 1188 216 1254; x_wconf 86' lang='lat' dir='ltr'>Le</span> <span class='ocrx_word' id='word_1_53' title='bbox 232 1187 362 1254; x_wconf 81' lang='lat' dir='ltr'>chc&#39;cct</span> <span class='ocrx_word' id='word_1_54' title='bbox 376 1193 435 1254; x_wconf 91' lang='lat' dir='ltr'>etc.</span> <span class='ocrx_word' id='word_1_55' title='bbox 451 1209 480 1272; x_wconf 88' lang='lat' dir='ltr'>p.</span> <span class='ocrx_word' id='word_1_56' title='bbox 498 1188 587 1270; x_wconf 73' lang='grc'>41913</span> <span class='ocrx_word' id='word_1_57' title='bbox 605 1191 647 1254; x_wconf 89' lang='lat'>96</span> <span class='ocrx_word' id='word_1_58' title='bbox 660 1186 755 1254; x_wconf 75' lang='lat' dir='ltr'>Io‘ber</span> <span class='ocrx_word' id='word_1_59' title='bbox 770 1187 896 1253; x_wconf 80' lang='lat' dir='ltr'>Sedutir&#39;</span> <span class='ocrx_word' id='word_1_60' title='bbox 912 1190 1071 1270; x_wconf 77' lang='lat' dir='ltr'>prosoc&#39;cc;</span> <span class='ocrx_word' id='word_1_61' title='bbox 1092 1189 1297 1260; x_wconf 75' lang='lat' dir='ltr'>bibliothecae</span> 
     </span>
     <span class='ocr_line' id='line_1_9' title="bbox 168 1289 1297 1375; baseline 0 -17"><span class='ocrx_word' id='word_1_62' title='bbox 168 1291 383 1358; x_wconf 80' lang='lat' dir='ltr'>Cluniaeensis</span> <span class='ocrx_word' id='word_1_63' title='bbox 407 1289 444 1374; x_wconf 89' lang='lat' dir='ltr'>(s.</span> <span class='ocrx_word' id='word_1_64' title='bbox 465 1291 527 1356; x_wconf 89' lang='lat' dir='ltr'>XII</span> <span class='ocrx_word' id='word_1_65' title='bbox 540 1292 573 1356; x_wconf 94' lang='lat' dir='ltr'>et</span> <span class='ocrx_word' id='word_1_66' title='bbox 587 1289 697 1372; x_wconf 85' lang='lat' dir='ltr'>XIII):</span> <span class='ocrx_word' id='word_1_67' title='bbox 721 1291 786 1358; x_wconf 85' lang='lat'>530</span> <span class='ocrx_word' id='word_1_68' title='bbox 809 1290 960 1355; x_wconf 79' lang='lat' dir='ltr'>Voicmcce</span> <span class='ocrx_word' id='word_1_69' title='bbox 981 1292 1018 1357; x_wconf 79' lang='lat' dir='ltr'>ic</span> <span class='ocrx_word' id='word_1_70' title='bbox 1038 1312 1099 1375; x_wconf 79' lang='lat' dir='ltr'>quo</span> <span class='ocrx_word' id='word_1_71' title='bbox 1120 1293 1297 1360; x_wconf 76' lang='lat' dir='ltr'>continebo</span> 
     </span>
     <span class='ocr_line' id='line_1_10' title="bbox 169 1393 1297 1478; baseline 0 -16"><span class='ocrx_word' id='word_1_72' title='bbox 169 1395 320 1462; x_wconf 77' lang='lat' dir='ltr'>Sedoio&#39;oe</span> <span class='ocrx_word' id='word_1_73' title='bbox 335 1395 460 1459; x_wconf 81' lang='lat' dir='ltr'>metrice</span> <span class='ocrx_word' id='word_1_74' title='bbox 476 1397 505 1457; x_wconf 90' lang='grc'>31</span> <span class='ocrx_word' id='word_1_75' title='bbox 518 1394 671 1475; x_wconf 80' lang='lat' dir='ltr'>prosaice,</span> <span class='ocrx_word' id='word_1_76' title='bbox 695 1393 855 1475; x_wconf 77' lang='lat' dir='ltr'><strong><em>quoddam</em></strong></span> <span class='ocrx_word' id='word_1_77' title='bbox 867 1393 1048 1478; x_wconf 70' lang='lat' dir='ltr'>clipeorum,</span> <span class='ocrx_word' id='word_1_78' title='bbox 1063 1414 1142 1478; x_wconf 77' lang='lat' dir='ltr'>opus</span> <span class='ocrx_word' id='word_1_79' title='bbox 1161 1395 1297 1462; x_wconf 62' lang='lat' dir='ltr'>romae</span> 
     </span>
     <span class='ocr_line' id='line_1_11' title="bbox 168 1499 1297 1583; baseline -0.004 -17"><span class='ocrx_word' id='word_1_80' title='bbox 168 1500 206 1566; x_wconf 84' lang='lat' dir='ltr'>dc</span> <span class='ocrx_word' id='word_1_81' title='bbox 220 1500 391 1574; x_wconf 80' lang='lat' dir='ltr'>concordio</span> <span class='ocrx_word' id='word_1_82' title='bbox 406 1499 655 1580; x_wconf 72' lang='lat' dir='ltr'>discrepantium</span> <span class='ocrx_word' id='word_1_83' title='bbox 668 1499 896 1564; x_wconf 75' lang='lat' dir='ltr'>sententiarum</span> <span class='ocrx_word' id='word_1_84' title='bbox 917 1499 955 1565; x_wconf 79' lang='lat' dir='ltr'>in</span> <span class='ocrx_word' id='word_1_85' title='bbox 975 1503 1121 1583; x_wconf 78' lang='lat' dir='ltr'>compoto,</span> <span class='ocrx_word' id='word_1_86' title='bbox 1144 1499 1297 1580; x_wconf 68' lang='lat' dir='ltr'>exposco</span> 
     </span>
     <span class='ocr_line' id='line_1_12' title="bbox 167 1600 1294 1686; baseline -0.003 -19"><span class='ocrx_word' id='word_1_87' title='bbox 167 1603 274 1669; x_wconf 79' lang='lat' dir='ltr'>suncti</span> <span class='ocrx_word' id='word_1_88' title='bbox 301 1602 479 1686; x_wconf 76' lang='lat' dir='ltr'>Accpoetc&#39;er&#39;</span> <span class='ocrx_word' id='word_1_89' title='bbox 506 1602 544 1666; x_wconf 85' lang='lat' dir='ltr'>dc</span> <span class='ocrx_word' id='word_1_90' title='bbox 571 1601 780 1668; x_wconf 76' lang='lat' dir='ltr'>tabernaculo.</span> <span class='ocrx_word' id='word_1_91' title='bbox 819 1600 903 1667; x_wconf 79' lang='lat' dir='ltr'>Tulli</span> <span class='ocrx_word' id='word_1_92' title='bbox 931 1603 1102 1668; x_wconf 90' lang='lat' dir='ltr'>Leucorum</span> <span class='ocrx_word' id='word_1_93' title='bbox 1129 1621 1152 1668; x_wconf 91' lang='lat' dir='ltr'>s.</span> <span class='ocrx_word' id='word_1_94' title='bbox 1177 1601 1233 1668; x_wconf 88' lang='lat' dir='ltr'>XI.</span> <span class='ocrx_word' id='word_1_95' title='bbox 1262 1602 1294 1664; x_wconf 93' lang='lat' dir='ltr'>in</span> 
     </span>
     <span class='ocr_line' id='line_1_13' title="bbox 170 1705 1295 1790; baseline -0.004 -18"><span class='ocrx_word' id='word_1_96' title='bbox 170 1707 303 1772; x_wconf 88' lang='lat' dir='ltr'>armario</span> <span class='ocrx_word' id='word_1_97' title='bbox 319 1706 425 1772; x_wconf 82' lang='lat' dir='ltr'>Sancti</span> <span class='ocrx_word' id='word_1_98' title='bbox 440 1707 519 1790; x_wconf 81' lang='lat' dir='ltr'>Apri</span> <span class='ocrx_word' id='word_1_99' title='bbox 534 1705 612 1772; x_wconf 79' lang='lat' dir='ltr'>fuit:</span> <span class='ocrx_word' id='word_1_100' title='bbox 637 1707 789 1773; x_wconf 69' lang='lat' dir='ltr'>sedulius</span> <span class='ocrx_word' id='word_1_101' title='bbox 809 1708 976 1789; x_wconf 82' lang='lat' dir='ltr'>prosor&#39;cos</span> <span class='ocrx_word' id='word_1_102' title='bbox 992 1706 1050 1772; x_wconf 85' lang='lat' dir='ltr'>ool.</span> <span class='ocrx_word' id='word_1_103' title='bbox 1066 1707 1088 1770; x_wconf 94' lang='lat'><em>1</em></span> <span class='ocrx_word' id='word_1_104' title='bbox 1113 1705 1165 1788; x_wconf 87' lang='lat' dir='ltr'>(ol.</span> <span class='ocrx_word' id='word_1_105' title='bbox 1182 1706 1295 1782; x_wconf 90' lang='lat' dir='ltr'>Docen,</span> 
     </span>
     <span class='ocr_line' id='line_1_14' title="bbox 168 1807 1297 1894; baseline -0.002 -20"><span class='ocrx_word' id='word_1_106' title='bbox 168 1809 277 1874; x_wconf 75' lang='lat' dir='ltr'>Nectar</span> <span class='ocrx_word' id='word_1_107' title='bbox 310 1810 369 1875; x_wconf 82' lang='lat' dir='ltr'>titt.</span> <span class='ocrx_word' id='word_1_108' title='bbox 404 1811 486 1874; x_wconf 76' lang='lat' dir='ltr'>Arce.</span> <span class='ocrx_word' id='word_1_109' title='bbox 523 1810 604 1876; x_wconf 80' lang='grc'>1807</span> <span class='ocrx_word' id='word_1_110' title='bbox 637 1831 667 1894; x_wconf 91' lang='lat' dir='ltr'>p.</span> <span class='ocrx_word' id='word_1_111' title='bbox 687 1811 755 1891; x_wconf 82' lang='grc'>66).</span> <span class='ocrx_word' id='word_1_112' title='bbox 800 1811 887 1876; x_wconf 85' lang='lat' dir='ltr'>Inter</span> <span class='ocrx_word' id='word_1_113' title='bbox 919 1811 1025 1884; x_wconf 88' lang='lat' dir='ltr'>libros,</span> <span class='ocrx_word' id='word_1_114' title='bbox 1060 1828 1136 1892; x_wconf 82' lang='lat' dir='ltr'>qnos</span> <span class='ocrx_word' id='word_1_115' title='bbox 1166 1807 1297 1875; x_wconf 68' lang='grc'>113131·</span> 
     </span>
     <span class='ocr_line' id='line_1_15' title="bbox 168 1912 1297 1987; baseline -0.004 -9"><span class='ocrx_word' id='word_1_116' title='bbox 168 1915 267 1979; x_wconf 79' lang='lat' dir='ltr'>uiuus</span> <span class='ocrx_word' id='word_1_117' title='bbox 297 1912 443 1978; x_wconf 79' lang='lat' dir='ltr'>ecclesius</span> <span class='ocrx_word' id='word_1_118' title='bbox 466 1913 646 1978; x_wconf 81' lang='lat' dir='ltr'>Petavieusi</span> <span class='ocrx_word' id='word_1_119' title='bbox 668 1933 697 1980; x_wconf 88' lang='lat' dir='ltr'>o.</span> <span class='ocrx_word' id='word_1_120' title='bbox 719 1915 783 1979; x_wconf 83' lang='lat'>903</span> <span class='ocrx_word' id='word_1_121' title='bbox 805 1915 886 1980; x_wconf 92' lang='lat' dir='ltr'>dono</span> <span class='ocrx_word' id='word_1_122' title='bbox 912 1914 1049 1987; x_wconf 83' lang='lat' dir='ltr'>dederat,</span> <span class='ocrx_word' id='word_1_123' title='bbox 1076 1912 1140 1977; x_wconf 84' lang='lat' dir='ltr'>fuit</span> <span class='ocrx_word' id='word_1_124' title='bbox 1165 1926 1297 1979; x_wconf 83' lang='lat' dir='ltr'>carmen·</span> 
     </span>
     <span class='ocr_line' id='line_1_16' title="bbox 167 2015 1294 2098; baseline -0.004 -16"><span class='ocrx_word' id='word_1_125' title='bbox 167 2017 315 2098; x_wconf 85' lang='lat' dir='ltr'>paschale</span> <span class='ocrx_word' id='word_1_126' title='bbox 338 2015 457 2082; x_wconf 84' lang='lat' dir='ltr'>Sedulii</span> <span class='ocrx_word' id='word_1_127' title='bbox 486 2017 518 2081; x_wconf 92' lang='lat' dir='ltr'>in</span> <span class='ocrx_word' id='word_1_128' title='bbox 549 2021 640 2082; x_wconf 88' lang='lat' dir='ltr'>uetus</span> <span class='ocrx_word' id='word_1_129' title='bbox 669 2019 701 2082; x_wconf 84' lang='lat' dir='ltr'>et</span> <span class='ocrx_word' id='word_1_130' title='bbox 722 2036 839 2082; x_wconf 92' lang='lat' dir='ltr'>nouum</span> <span class='ocrx_word' id='word_1_131' title='bbox 861 2019 1085 2082; x_wconf 86' lang='lat' dir='ltr'>testamentum</span> <span class='ocrx_word' id='word_1_132' title='bbox 1109 2033 1180 2082; x_wconf 88' lang='lat' dir='ltr'>cum</span> <span class='ocrx_word' id='word_1_133' title='bbox 1202 2029 1294 2095; x_wconf 76' lang='lat' dir='ltr'>prosa</span> 
     </span>
     <span class='ocr_line' id='line_1_17' title="bbox 167 2115 1296 2204; baseline -0.002 -21"><span class='ocrx_word' id='word_1_134' title='bbox 167 2119 267 2202; x_wconf 90' lang='lat' dir='ltr'>ipsius</span> <span class='ocrx_word' id='word_1_135' title='bbox 291 2119 345 2203; x_wconf 85' lang='lat' dir='ltr'>(cf.</span> <span class='ocrx_word' id='word_1_136' title='bbox 367 2122 405 2185; x_wconf 80' lang='lat' dir='ltr'>A.</span> <span class='ocrx_word' id='word_1_137' title='bbox 429 2118 555 2204; x_wconf 78' lang='lat' dir='ltr'>Ozemy,</span> <span class='ocrx_word' id='word_1_138' title='bbox 578 2119 642 2185; x_wconf 82' lang='lat' dir='ltr'>Dte</span> <span class='ocrx_word' id='word_1_139' title='bbox 663 2119 846 2184; x_wconf 74' lang='lat' dir='ltr'>Bebiiotbclc</span> <span class='ocrx_word' id='word_1_140' title='bbox 867 2119 921 2183; x_wconf 85' lang='lat' dir='ltr'>dos</span> <span class='ocrx_word' id='word_1_141' title='bbox 940 2115 1221 2198; x_wconf 74' lang='lat' dir='ltr'>ocoroermerqos</span> <span class='ocrx_word' id='word_1_142' title='bbox 1243 2115 1296 2182; x_wconf 74' lang='lat' dir='ltr'>sc.</span> 
     </span>
     <span class='ocr_line' id='line_1_18' title="bbox 168 2221 1296 2306; baseline 0.003 -20"><span class='ocrx_word' id='word_1_143' title='bbox 168 2221 311 2287; x_wconf 77' lang='lat' dir='ltr'>Florian</span> <span class='ocrx_word' id='word_1_144' title='bbox 331 2242 361 2306; x_wconf 89' lang='lat' dir='ltr'>p.</span> <span class='ocrx_word' id='word_1_145' title='bbox 386 2223 461 2305; x_wconf 84' lang='grc'><strong>233)</strong></span> <span class='ocrx_word' id='word_1_146' title='bbox 480 2224 513 2306; x_wconf 83' lang='lat'>¹).</span> <span class='ocrx_word' id='word_1_147' title='bbox 1292 2243 1296 2250; x_wconf 83' lang='grc'><strong>’</strong></span> 
     </span>
    </p>
   </div>
   <div class='ocr_carea' id='block_1_3' title="bbox 210 2357 1289 2440">
    <p class='ocr_par' dir='ltr' id='par_1_3' title="bbox 210 2357 1289 2440">
     <span class='ocr_line' id='line_1_19' title="bbox 210 2357 1289 2440; baseline -0.004 -16"><span class='ocrx_word' id='word_1_148' title='bbox 210 2359 374 2426; x_wconf 76' lang='lat' dir='ltr'>(lodicibus</span> <span class='ocrx_word' id='word_1_149' title='bbox 399 2361 428 2426; x_wconf 87' lang='lat' dir='ltr'>R</span> <span class='ocrx_word' id='word_1_150' title='bbox 451 2363 535 2427; x_wconf 89' lang='lat' dir='ltr'>etH</span> <span class='ocrx_word' id='word_1_151' title='bbox 565 2365 637 2427; x_wconf 89' lang='lat' dir='ltr'>ante</span> <span class='ocrx_word' id='word_1_152' title='bbox 667 2379 717 2426; x_wconf 88' lang='lat' dir='ltr'>me</span> <span class='ocrx_word' id='word_1_153' title='bbox 746 2362 809 2427; x_wconf 92' lang='lat' dir='ltr'>iam</span> <span class='ocrx_word' id='word_1_154' title='bbox 838 2380 912 2426; x_wconf 89' lang='lat' dir='ltr'>usus</span> <span class='ocrx_word' id='word_1_155' title='bbox 938 2361 1005 2426; x_wconf 83' lang='lat' dir='ltr'>eret</span> <span class='ocrx_word' id='word_1_156' title='bbox 1035 2359 1070 2424; x_wconf 79' lang='lat' dir='ltr'>X.</span> <span class='ocrx_word' id='word_1_157' title='bbox 1098 2357 1289 2440; x_wconf 76' lang='lat' dir='ltr'>Iruduigine,</span> 
     </span>
    </p>
   </div>
   <div class='ocr_carea' id='block_1_4' title="bbox 166 2461 1296 2633">
    <p class='ocr_par' dir='ltr' id='par_1_4' title="bbox 166 2461 1296 2633">
     <span class='ocr_line' id='line_1_20' title="bbox 167 2461 1296 2548; baseline -0.006 -19"><span class='ocrx_word' id='word_1_158' title='bbox 167 2465 220 2545; x_wconf 91' lang='lat' dir='ltr'>qni</span> <span class='ocrx_word' id='word_1_159' title='bbox 243 2483 272 2530; x_wconf 87' lang='lat' dir='ltr'>a.</span> <span class='ocrx_word' id='word_1_160' title='bbox 297 2463 380 2531; x_wconf 88' lang='grc'>1880</span> <span class='ocrx_word' id='word_1_161' title='bbox 401 2465 555 2548; x_wconf 84' lang='lat' dir='ltr'>paschalis</span> <span class='ocrx_word' id='word_1_162' title='bbox 579 2466 677 2548; x_wconf 88' lang='lat' dir='ltr'>operis</span> <span class='ocrx_word' id='word_1_163' title='bbox 699 2465 818 2530; x_wconf 89' lang='lat' dir='ltr'>librum</span> <span class='ocrx_word' id='word_1_164' title='bbox 835 2465 980 2547; x_wconf 89' lang='lat' dir='ltr'>quintum</span> <span class='ocrx_word' id='word_1_165' title='bbox 997 2463 1097 2528; x_wconf 88' lang='lat' dir='ltr'>multe</span> <span class='ocrx_word' id='word_1_166' title='bbox 1113 2477 1184 2525; x_wconf 90' lang='lat' dir='ltr'>cum</span> <span class='ocrx_word' id='word_1_167' title='bbox 1199 2461 1296 2524; x_wconf 90' lang='lat' dir='ltr'>laude·</span> 
     </span>
     <span class='ocr_line' id='line_1_21' title="bbox 166 2567 275 2633; baseline 0 -2"><span class='ocrx_word' id='word_1_168' title='bbox 166 2567 275 2633; x_wconf 85' lang='lat' dir='ltr'>edidit.</span> 
     </span>
    </p>
   </div>
   <div class='ocr_carea' id='block_1_5' title="bbox 162 2698 1293 3404">
    <p class='ocr_par' dir='ltr' id='par_1_5' title="bbox 162 2698 1293 3404">
     <span class='ocr_line' id='line_1_22' title="bbox 206 2698 1291 2790; baseline -0.002 -22"><span class='ocrx_word' id='word_1_169' title='bbox 206 2704 323 2770; x_wconf 84' lang='lat' dir='ltr'>Prosae</span> <span class='ocrx_word' id='word_1_170' title='bbox 353 2704 471 2770; x_wconf 90' lang='lat' dir='ltr'>codices</span> <span class='ocrx_word' id='word_1_171' title='bbox 499 2707 650 2790; x_wconf 87' lang='lat' dir='ltr'>quotquot</span> <span class='ocrx_word' id='word_1_172' title='bbox 679 2709 803 2772; x_wconf 85' lang='lat' dir='ltr'>exstant</span> <span class='ocrx_word' id='word_1_173' title='bbox 831 2707 864 2771; x_wconf 94' lang='lat' dir='ltr'>in</span> <span class='ocrx_word' id='word_1_174' title='bbox 886 2705 961 2770; x_wconf 93' lang='lat' dir='ltr'>duos</span> <span class='ocrx_word' id='word_1_175' title='bbox 984 2706 1105 2771; x_wconf 88' lang='lat' dir='ltr'>ordines</span> <span class='ocrx_word' id='word_1_176' title='bbox 1128 2698 1291 2768; x_wconf 86' lang='lat' dir='ltr'>discedunt</span> 
     </span>
     <span class='ocr_line' id='line_1_23' title="bbox 166 2806 1293 2896; baseline -0.002 -25"><span class='ocrx_word' id='word_1_177' title='bbox 166 2807 353 2872; x_wconf 86' lang='lat' dir='ltr'>anctoritate</span> <span class='ocrx_word' id='word_1_178' title='bbox 376 2810 512 2878; x_wconf 86' lang='lat' dir='ltr'>multum</span> <span class='ocrx_word' id='word_1_179' title='bbox 535 2809 755 2896; x_wconf 83' lang='lat' dir='ltr'>discrepantes,</span> <span class='ocrx_word' id='word_1_180' title='bbox 778 2826 909 2891; x_wconf 87' lang='lat' dir='ltr'>qnorum</span> <span class='ocrx_word' id='word_1_181' title='bbox 931 2827 1011 2873; x_wconf 88' lang='lat' dir='ltr'>unus</span> <span class='ocrx_word' id='word_1_182' title='bbox 1035 2806 1193 2873; x_wconf 86' lang='lat' dir='ltr'>codicibus</span> <span class='ocrx_word' id='word_1_183' title='bbox 1216 2806 1293 2877; x_wconf 75' lang='lat' dir='ltr'>PR.</span> 
     </span>
     <span class='ocr_line' id='line_1_24' title="bbox 165 2909 1290 2996; baseline 0 -22"><span class='ocrx_word' id='word_1_184' title='bbox 165 2909 245 2974; x_wconf 87' lang='lat' dir='ltr'>alter</span> <span class='ocrx_word' id='word_1_185' title='bbox 268 2909 357 2974; x_wconf 90' lang='lat' dir='ltr'>HBI</span> <span class='ocrx_word' id='word_1_186' title='bbox 378 2911 468 2976; x_wconf 91' lang='lat' dir='ltr'>libris</span> <span class='ocrx_word' id='word_1_187' title='bbox 492 2911 624 2976; x_wconf 85' lang='lat' dir='ltr'>efficitur</span> <span class='ocrx_word' id='word_1_188' title='bbox 649 2913 885 2996; x_wconf 81' lang='lat' dir='ltr'>(fragmentoll</span> <span class='ocrx_word' id='word_1_189' title='bbox 908 2913 1018 2992; x_wconf 80' lang='lat' dir='ltr'>exiguo</span> <span class='ocrx_word' id='word_1_190' title='bbox 1036 2913 1067 2978; x_wconf 92' lang='lat' dir='ltr'>in</span> <span class='ocrx_word' id='word_1_191' title='bbox 1083 2927 1211 2974; x_wconf 82' lang='lat' dir='ltr'>examen</span> <span class='ocrx_word' id='word_1_192' title='bbox 1227 2926 1290 2974; x_wconf 83' lang='lat' dir='ltr'>non</span> 
     </span>
     <span class='ocr_line' id='line_1_25' title="bbox 164 3011 1289 3096; baseline -0.002 -20"><span class='ocrx_word' id='word_1_193' title='bbox 164 3012 301 3096; x_wconf 86' lang='lat' dir='ltr'>uocato).</span> <span class='ocrx_word' id='word_1_194' title='bbox 336 3011 493 3092; x_wconf 80' lang='lat' dir='ltr'>Quantum</span> <span class='ocrx_word' id='word_1_195' title='bbox 522 3034 595 3080; x_wconf 91' lang='lat' dir='ltr'>uero</span> <span class='ocrx_word' id='word_1_196' title='bbox 618 3016 738 3084; x_wconf 91' lang='lat' dir='ltr'>codices</span> <span class='ocrx_word' id='word_1_197' title='bbox 762 3016 854 3080; x_wconf 90' lang='lat' dir='ltr'>unius</span> <span class='ocrx_word' id='word_1_198' title='bbox 876 3015 993 3080; x_wconf 86' lang='lat' dir='ltr'>ordinis</span> <span class='ocrx_word' id='word_1_199' title='bbox 1016 3013 1055 3080; x_wconf 88' lang='lat' dir='ltr'>ab</span> <span class='ocrx_word' id='word_1_200' title='bbox 1079 3015 1177 3080; x_wconf 85' lang='lat' dir='ltr'>altero</span> <span class='ocrx_word' id='word_1_201' title='bbox 1200 3011 1289 3076; x_wconf 80' lang='grc'>(11113-</span> 
     </span>
     <span class='ocr_line' id='line_1_26' title="bbox 162 3112 1290 3199; baseline 0.002 -21"><span class='ocrx_word' id='word_1_202' title='bbox 162 3116 247 3193; x_wconf 86' lang='lat' dir='ltr'>rant,</span> <span class='ocrx_word' id='word_1_203' title='bbox 271 3133 341 3179; x_wconf 92' lang='lat' dir='ltr'>cum</span> <span class='ocrx_word' id='word_1_204' title='bbox 363 3117 572 3199; x_wconf 85' lang='lat' dir='ltr'>cepItnlorum</span> <span class='ocrx_word' id='word_1_205' title='bbox 596 3118 804 3199; x_wconf 86' lang='lat' dir='ltr'>discrepantia</span> <span class='ocrx_word' id='word_1_206' title='bbox 821 3120 853 3181; x_wconf 91' lang='lat' dir='ltr'>et</span> <span class='ocrx_word' id='word_1_207' title='bbox 869 3119 1007 3199; x_wconf 88' lang='lat' dir='ltr'>capitum</span> <span class='ocrx_word' id='word_1_208' title='bbox 1021 3117 1129 3182; x_wconf 90' lang='lat' dir='ltr'>ordine</span> <span class='ocrx_word' id='word_1_209' title='bbox 1146 3112 1199 3198; x_wconf 84' lang='lat' dir='ltr'>(cf.</span> <span class='ocrx_word' id='word_1_210' title='bbox 1215 3113 1290 3180; x_wconf 80' lang='lat' dir='ltr'>libri</span> 
     </span>
     <span class='ocr_line' id='line_1_27' title="bbox 163 3216 1290 3304; baseline 0.005 -23"><span class='ocrx_word' id='word_1_211' title='bbox 163 3216 192 3281; x_wconf 85' lang='lat' dir='ltr'>V</span> <span class='ocrx_word' id='word_1_212' title='bbox 216 3235 284 3298; x_wconf 86' lang='lat' dir='ltr'>cap.</span> <span class='ocrx_word' id='word_1_213' title='bbox 300 3218 330 3296; x_wconf 85' lang='grc'>2,</span> <span class='ocrx_word' id='word_1_214' title='bbox 354 3219 383 3298; x_wconf 87' lang='grc'>3,</span> <span class='ocrx_word' id='word_1_215' title='bbox 406 3223 428 3283; x_wconf 89' lang='grc'>4</span> <span class='ocrx_word' id='word_1_216' title='bbox 450 3239 479 3303; x_wconf 87' lang='lat' dir='ltr'>p.</span> <span class='ocrx_word' id='word_1_217' title='bbox 496 3222 569 3299; x_wconf 90' lang='grc'><strong>233,</strong></span> <span class='ocrx_word' id='word_1_218' title='bbox 593 3222 665 3298; x_wconf 85' lang='grc'><strong>234,</strong></span> <span class='ocrx_word' id='word_1_219' title='bbox 691 3223 764 3303; x_wconf 85' lang='grc'>193)</span> <span class='ocrx_word' id='word_1_220' title='bbox 789 3226 857 3287; x_wconf 89' lang='lat' dir='ltr'>tum</span> <span class='ocrx_word' id='word_1_221' title='bbox 878 3240 914 3285; x_wconf 90' lang='lat' dir='ltr'>ex</span> <span class='ocrx_word' id='word_1_222' title='bbox 936 3221 1118 3290; x_wconf 87' lang='lat' dir='ltr'>lectionibus</span> <span class='ocrx_word' id='word_1_223' title='bbox 1141 3219 1290 3304; x_wconf 86' lang='lat' dir='ltr'>perspici-</span> 
     </span>
     <span class='ocr_line' id='line_1_28' title="bbox 162 3319 788 3404; baseline 0.01 -20"><span class='ocrx_word' id='word_1_224' title='bbox 162 3323 218 3386; x_wconf 89' lang='lat' dir='ltr'>tur</span> <span class='ocrx_word' id='word_1_225' title='bbox 240 3319 291 3384; x_wconf 90' lang='lat' dir='ltr'>his</span> <span class='ocrx_word' id='word_1_226' title='bbox 313 3320 456 3404; x_wconf 83' lang='lat' dir='ltr'>inprimIs</span> <span class='ocrx_word' id='word_1_227' title='bbox 479 3323 561 3388; x_wconf 90' lang='lat' dir='ltr'>inter</span> <span class='ocrx_word' id='word_1_228' title='bbox 582 3343 617 3390; x_wconf 89' lang='lat' dir='ltr'>se</span> <span class='ocrx_word' id='word_1_229' title='bbox 640 3324 788 3393; x_wconf 86' lang='lat' dir='ltr'>conlatis:</span> 
     </span>
    </p>
   </div>
   <div class='ocr_carea' id='block_1_6' title="bbox 159 3592 1289 4274">
    <p class='ocr_par' dir='ltr' id='par_1_6' title="bbox 159 3592 1289 4274">
     <span class='ocr_line' id='line_1_29' title="bbox 268 3592 1289 3670; baseline 0.008 -23"><span class='ocrx_word' id='word_1_230' title='bbox 268 3595 287 3662; x_wconf 87' lang='lat'>¹)</span> <span class='ocrx_word' id='word_1_231' title='bbox 304 3593 419 3664; x_wconf 80' lang='lat' dir='ltr'>Legitur</span> <span class='ocrx_word' id='word_1_232' title='bbox 444 3601 581 3665; x_wconf 86' lang='lat' dir='ltr'>praeterea</span> <span class='ocrx_word' id='word_1_233' title='bbox 608 3599 636 3651; x_wconf 93' lang='lat' dir='ltr'>in</span> <span class='ocrx_word' id='word_1_234' title='bbox 655 3597 756 3654; x_wconf 77' lang='lat' dir='ltr'>labbei</span> <span class='ocrx_word' id='word_1_235' title='bbox 779 3600 942 3654; x_wconf 86' lang='lat' dir='ltr'>bibliotheca</span> <span class='ocrx_word' id='word_1_236' title='bbox 964 3617 1032 3654; x_wconf 87' lang='lat' dir='ltr'>none</span> <span class='ocrx_word' id='word_1_237' title='bbox 1055 3618 1080 3670; x_wconf 89' lang='lat' dir='ltr'>p.</span> <span class='ocrx_word' id='word_1_238' title='bbox 1103 3592 1137 3655; x_wconf 82' lang='grc'>23</span> <span class='ocrx_word' id='word_1_239' title='bbox 1163 3599 1289 3655; x_wconf 76' lang='lat' dir='ltr'>Vidimus</span> 
     </span>
     <span class='ocr_line' id='line_1_30' title="bbox 162 3681 1289 3756; baseline 0.006 -23"><span class='ocrx_word' id='word_1_240' title='bbox 162 3695 270 3748; x_wconf 74' lang='lat' dir='ltr'>quoquc</span> <span class='ocrx_word' id='word_1_241' title='bbox 287 3681 406 3735; x_wconf 75' lang='grc'>31331333</span> <span class='ocrx_word' id='word_1_242' title='bbox 425 3683 472 3750; x_wconf 88' lang='lat' dir='ltr'>(se.</span> <span class='ocrx_word' id='word_1_243' title='bbox 491 3682 597 3737; x_wconf 73' lang='grc'>83313111</span> <span class='ocrx_word' id='word_1_244' title='bbox 611 3685 684 3753; x_wconf 73' lang='lat' dir='ltr'>iem.)</span> <span class='ocrx_word' id='word_1_245' title='bbox 701 3701 749 3740; x_wconf 81' lang='lat' dir='ltr'>oco</span> <span class='ocrx_word' id='word_1_246' title='bbox 761 3687 859 3754; x_wconf 79' lang='lat' dir='ltr'>potius</span> <span class='ocrx_word' id='word_1_247' title='bbox 871 3688 1037 3756; x_wconf 72' lang='lat' dir='ltr'>aeriqetoro</span> <span class='ocrx_word' id='word_1_248' title='bbox 1049 3688 1188 3755; x_wconf 71' lang='lat' dir='ltr'>cccouplcr</span> <span class='ocrx_word' id='word_1_249' title='bbox 1200 3688 1289 3754; x_wconf 75' lang='lat' dir='ltr'>operio</span> 
     </span>
     <span class='ocr_line' id='line_1_31' title="bbox 160 3766 1289 3840; baseline 0.012 -21"><span class='ocrx_word' id='word_1_250' title='bbox 160 3766 301 3840; x_wconf 79' lang='lat' dir='ltr'>paschalis</span> <span class='ocrx_word' id='word_1_251' title='bbox 333 3767 538 3835; x_wconf 81' lang='lat' dir='ltr'>quatuordecim</span> <span class='ocrx_word' id='word_1_252' title='bbox 565 3771 709 3838; x_wconf 67' lang='lat' dir='ltr'>prioridie</span> <span class='ocrx_word' id='word_1_253' title='bbox 737 3772 874 3840; x_wconf 79' lang='lat' dir='ltr'>capitibus</span> <span class='ocrx_word' id='word_1_254' title='bbox 898 3773 982 3831; x_wconf 77' lang='lat' dir='ltr'>initio</span> <span class='ocrx_word' id='word_1_255' title='bbox 1006 3773 1132 3833; x_wconf 67' lang='lat' dir='ltr'>molan</span> <span class='ocrx_word' id='word_1_256' title='bbox 1155 3774 1186 3830; x_wconf 76' lang='lat' dir='ltr'>cn</span> <span class='ocrx_word' id='word_1_257' title='bbox 1209 3773 1289 3832; x_wconf 61' lang='lat' dir='ltr'>ciacc</span> 
     </span>
     <span class='ocr_line' id='line_1_32' title="bbox 162 3850 1287 3924; baseline 0.011 -21"><span class='ocrx_word' id='word_1_258' title='bbox 162 3850 218 3916; x_wconf 72' lang='lat' dir='ltr'>fiere</span> <span class='ocrx_word' id='word_1_259' title='bbox 236 3857 317 3906; x_wconf 81' lang='lat' dir='ltr'>eraut</span> <span class='ocrx_word' id='word_1_260' title='bbox 334 3853 476 3922; x_wconf 73' lang='lat' dir='ltr'>odocrtpto</span> <span class='ocrx_word' id='word_1_261' title='bbox 493 3855 642 3924; x_wconf 77' lang='lat' dir='ltr'>Hoccque</span> <span class='ocrx_word' id='word_1_262' title='bbox 659 3861 707 3911; x_wconf 86' lang='lat' dir='ltr'>etc.</span> <span class='ocrx_word' id='word_1_263' title='bbox 725 3887 758 3896; x_wconf 96' lang='lat'><em>-</em></span> <span class='ocrx_word' id='word_1_264' title='bbox 778 3857 860 3912; x_wconf 82' lang='lat' dir='ltr'>Sume</span> <span class='ocrx_word' id='word_1_265' title='bbox 877 3873 955 3912; x_wconf 80' lang='lat' dir='ltr'>sacer</span> <span class='ocrx_word' id='word_1_266' title='bbox 971 3859 1075 3914; x_wconf 78' lang='lat' dir='ltr'>meritis</span> <span class='ocrx_word' id='word_1_267' title='bbox 1093 3864 1141 3917; x_wconf 85' lang='grc'>313.</span> <span class='ocrx_word' id='word_1_268' title='bbox 1161 3887 1188 3905; x_wconf 63' lang='lat'>*-</span> <span class='ocrx_word' id='word_1_269' title='bbox 1208 3859 1287 3915; x_wconf 77' lang='lat' dir='ltr'>Haec</span> 
     </span>
     <span class='ocr_line' id='line_1_33' title="bbox 159 3935 1286 4015; baseline 0.01 -26"><span class='ocrx_word' id='word_1_270' title='bbox 159 3935 267 4002; x_wconf 69' lang='lat' dir='ltr'>placeo</span> <span class='ocrx_word' id='word_1_271' title='bbox 297 3937 457 4003; x_wconf 79' lang='lat' dir='ltr'>adscribere,</span> <span class='ocrx_word' id='word_1_272' title='bbox 492 3941 565 4015; x_wconf 76' lang='lat' dir='ltr'>quod</span> <span class='ocrx_word' id='word_1_273' title='bbox 600 3941 803 4012; x_wconf 77' lang='lat' dir='ltr'>ditiqcete&#39;sec&#39;mi</span> <span class='ocrx_word' id='word_1_274' title='bbox 836 3943 981 3998; x_wconf 78' lang='lat' dir='ltr'>Franciece&#39;</span> <span class='ocrx_word' id='word_1_275' title='bbox 1015 3945 1107 3998; x_wconf 78' lang='lat' dir='ltr'>Iurcti</span> <span class='ocrx_word' id='word_1_276' title='bbox 1137 3945 1286 4000; x_wconf 71' lang='lat' dir='ltr'>sollertiam</span> 
     </span>
     <span class='ocr_line' id='line_1_34' title="bbox 161 4021 1288 4092; baseline 0.006 -18"><span class='ocrx_word' id='word_1_277' title='bbox 161 4021 295 4091; x_wconf 58' lang='lat' dir='ltr'>superrat.</span> <span class='ocrx_word' id='word_1_278' title='bbox 326 4022 485 4092; x_wconf 73' lang='lat' dir='ltr'>Sequuntur</span> <span class='ocrx_word' id='word_1_279' title='bbox 511 4027 542 4078; x_wconf 81' lang='lat' dir='ltr'>ic</span> <span class='ocrx_word' id='word_1_280' title='bbox 569 4025 659 4080; x_wconf 84' lang='lat' dir='ltr'>codem</span> <span class='ocrx_word' id='word_1_281' title='bbox 684 4028 775 4083; x_wconf 88' lang='lat' dir='ltr'>codc&#39;cc</span> <span class='ocrx_word' id='word_1_282' title='bbox 798 4029 860 4083; x_wconf 80' lang='lat' dir='ltr'>Icus</span> <span class='ocrx_word' id='word_1_283' title='bbox 883 4029 1000 4085; x_wconf 64' lang='lat' dir='ltr'>domem</span> <span class='ocrx_word' id='word_1_284' title='bbox 1020 4027 1176 4084; x_wconf 78' lang='lat' dir='ltr'>anomice</span> <span class='ocrx_word' id='word_1_285' title='bbox 1192 4043 1288 4082; x_wconf 76' lang='grc'>333333</span> 
     </span>
     <span class='ocr_line' id='line_1_35' title="bbox 160 4106 1289 4178; baseline 0.007 -19"><span class='ocrx_word' id='word_1_286' title='bbox 160 4106 289 4176; x_wconf 65' lang='lat' dir='ltr'>adpicta,</span> <span class='ocrx_word' id='word_1_287' title='bbox 322 4109 463 4176; x_wconf 67' lang='lat' dir='ltr'>conflictos</span> <span class='ocrx_word' id='word_1_288' title='bbox 485 4111 560 4164; x_wconf 79' lang='lat' dir='ltr'>certe</span> <span class='ocrx_word' id='word_1_289' title='bbox 584 4117 610 4165; x_wconf 87' lang='grc'>31</span> <span class='ocrx_word' id='word_1_290' title='bbox 632 4113 734 4178; x_wconf 75' lang='lat' dir='ltr'>boemis,</span> <span class='ocrx_word' id='word_1_291' title='bbox 757 4113 945 4170; x_wconf 76' lang='lat' dir='ltr'>Commodiani</span> <span class='ocrx_word' id='word_1_292' title='bbox 966 4115 1158 4170; x_wconf 62' lang='lat' dir='ltr'>comedimus</span> <span class='ocrx_word' id='word_1_293' title='bbox 1181 4120 1205 4168; x_wconf 88' lang='grc'>31</span> <span class='ocrx_word' id='word_1_294' title='bbox 1229 4114 1289 4168; x_wconf 78' lang='lat' dir='ltr'>ulia</span> 
     </span>
     <span class='ocr_line' id='line_1_36' title="bbox 160 4193 942 4274; baseline 0.017 -27"><span class='ocrx_word' id='word_1_295' title='bbox 160 4193 311 4265; x_wconf 65' lang='grc'>33333133,</span> <span class='ocrx_word' id='word_1_296' title='bbox 326 4208 400 4265; x_wconf 75' lang='lat' dir='ltr'>quoe</span> <span class='ocrx_word' id='word_1_297' title='bbox 415 4196 475 4257; x_wconf 74' lang='lat' dir='ltr'>sude</span> <span class='ocrx_word' id='word_1_298' title='bbox 492 4195 556 4251; x_wconf 77' lang='lat' dir='ltr'>Iocis</span> <span class='ocrx_word' id='word_1_299' title='bbox 572 4199 845 4274; x_wconf 71' lang='lat' dir='ltr'>repraesentabimus.</span> <span class='ocrx_word' id='word_1_300' title='bbox 939 4225 942 4231; x_wconf 93' lang='lat'>·</span> 
     </span>
    </p>
   </div>
   <div class='ocr_carea' id='block_1_7' title="bbox 0 0 1576 5034">
    <p class='ocr_par' dir='ltr' id='par_1_7' title="bbox 0 0 1576 5034">
     <span class='ocr_line' id='line_1_37' title="bbox 0 0 1576 5034; baseline 0 4"><span class='ocrx_word' id='word_1_301' title='bbox 0 0 1576 5034; x_wconf 95' lang='lat' dir='ltr'> </span> 
     </span>
    </p>
   </div>
  </div>
 </body>
</html>
