3142 5034
300 353 363 419 338
772 353 959 422 Appendix.
1000 342 1006 351 ’

301 544 409 619 legitur
435 541 485 604 ‘ita
508 545 582 604 oculi
604 546 698 605 nostri
721 548 758 606 ad
781 547 929 606 dominum
951 547 1035 605 deum
1051 547 1192 616 nostrum,
1210 547 1299 604 donec
1315 544 1431 604 misere·

153 679 176 708 v.
191 650 369 708 sumatur
399 644 501 708 nostri’
527 649 554 706 ·i·
577 666 697 722 semper.
743 651 893 709 Breuem
925 650 952 707 .i·
986 652 1146 712 minimum.
1190 650 1310 709 Aaron.
1356 648 1432 708 Haec

300 751 445 826 particula
478 751 594 826 signum
627 755 657 810 et
685 755 826 826 quoddam
856 753 986 828 sigillum
1014 756 1060 813 est
1088 752 1248 814 dominicae
1279 753 1430 831 orationis,

300 871 355 927 quo
378 854 583 914 confirmantur
605 855 709 926 omnia,
732 873 805 931 quae
829 874 918 930 supra
940 857 1019 916 dicta
1041 859 1121 917 sunt.
1166 857 1299 916 Malum
1329 855 1358 912 ·i·
1374 854 1432 914 dia·

300 957 406 1017 bolum.
451 957 589 1017 Bonum
611 960 636 1017 ·i·
662 959 817 1032 Christum,
846 961 930 1020 deum
963 961 1075 1019 adimus
1098 977 1157 1020 non
1180 977 1282 1034 gressu
1305 958 1461 1033 corporiso

300 1061 351 1121 sed
373 1059 535 1121 intentione
556 1061 673 1134 mentis,
697 1064 749 1122 deo
773 1064 849 1122 enim
871 1080 928 1123 nou
944 1064 1007 1122 loco
1022 1063 1073 1123 sed
1088 1065 1185 1123 ments
1200 1063 1431 1139 approximamus

300 1165 351 1223 aut
365 1164 543 1237 elongamus.
588 1163 702 1223 Ducit
717 1166 744 1223 ·i·
761 1165 873 1238 dirigit.
908 1167 1018 1226 Versus
1041 1167 1070 1225 et
1086 1165 1301 1224 hemistichium
1316 1162 1431 1237 Virgilii

300 1269 344 1325 est
366 1267 393 1324 ·i·
415 1284 490 1327 unus
512 1269 542 1328 et
556 1265 692 1328 dimidius
708 1285 818 1328 uersus.
857 1269 902 1327 Et
925 1269 1017 1328 bona
1032 1267 1211 1341 libertas,
1228 1268 1297 1341 quia
1311 1269 1430 1341 possunt

300 1371 422 1431 euadere
455 1371 482 1429 ·i·
517 1371 651 1444 effugere.
695 1371 764 1430 Per
798 1388 938 1444 pascua
971 1372 998 1430 .i·
1022 1388 1074 1446 per
1101 1371 1266 1435 mansiones
1298 1369 1430 1429 caelestis

300 1472 491 1545 Hierusalem,
526 1490 632 1548 pascua
654 1477 700 1535 est
722 1458 843 1534 dulcedo
866 1475 982 1535 diuinae
1004 1474 1134 1534 uisionis.
1438 1492 1460 1532 1o

655 1811 718 1896 IN
752 1811 978 1896 itervm
1012 1810 1076 1894 HI.

172 2033 212 2086 a.
229 2025 291 2062 1-ar
343 2003 537 2064 Thalamis
559 2022 611 2078 pro
635 2006 761 2079 nuptiis:
792 2005 921 2064 thelame
944 2021 1047 2078 graece
1071 2005 1218 2077 uoluptas,
1249 2005 1315 2064 inde
1337 2003 1431 2064 thala-

300 2124 363 2167 mus
386 2108 505 2182 dicitur,¹
524 2109 575 2168 nbi
596 2108 731 2184 uoluptas
753 2110 910 2183 perficitur.
953 2111 993 2167 In
1021 2109 1152 2184 ydriis.
1189 2109 1283 2168 Lacus
1304 2108 1433 2182 appellat

300 2210 417 2285 hydrias
432 2213 463 2270 et
477 2211 613 2270 dicuntur
627 2229 646 2269 a
660 2213 785 2284 latendo,
809 2213 877 2286 quia
896 2211 937 2271 ibi
959 2212 1091 2271 latebant
1105 2228 1213 2284 aquae;
1236 2211 1307 2286 ydor
1333 2227 1434 2285 graece

300 2332 393 2388 aqua,
436 2316 502 2375 inde
546 2315 646 2390 ydriae
685 2314 820 2376 dicuntur
863 2333 933 2374 nasa
977 2314 1105 2390 receptui
1148 2331 1286 2388 aquarum
1322 2317 1463 2387 paratae

301 2417 443 2477 Gaudia
458 2419 485 2476 i·
500 2417 637 2489 fantasia,
654 2419 822 2491 imaginatio
839 2418 979 2491 quaedam
993 2421 1095 2490 poetae
1111 2419 1165 2491 ost,
1183 2417 1317 2490 quoniam
1333 2418 1433 2477 insen·

301 2521 380 2580 sibili
402 2523 444 2580 rei
466 2521 517 2579 dat
532 2536 647 2581 sensum
665 2521 691 2580 ·i·
707 2522 740 2579 ut
755 2521 920 2581 desinerent
946 2537 1008 2580 esse
1031 2521 1104 2594 quod
1123 2521 1206 2594 [non]
1225 2521 1316 2593 erant,
1343 2522 1374 2579 et
1389 2521 1434 2578 in-

300 2625 432 2698 ciperent
447 2639 511 2683 esse
526 2626 601 2697 quod
617 2640 674 2684 non
691 2627 782 2687 erant.
827 2624 1057 2684 Inoccidnas
1080 2641 1169 2683 uuas
1193 2623 1218 2681 ·i·
1237 2622 1433 2683 indeficientes

300 2726 409 2797 fideles,
425 2744 572 2800 nunquam
586 2729 740 2800 perituros.
767 2729 923 2801 Pampinus
939 2730 986 2787 est
1000 2727 1100 2786 folium
1116 2727 1197 2798 uitis,
1214 2728 1289 2800 quod
1306 2743 1324 2785 a
1339 2727 1434 2786 calore

299 2829 370 2888 solis
384 2833 415 2888 et
428 2829 534 2888 iniuria
548 2830 683 2889 imbrium
698 2831 828 2903 protegit
840 2847 976 2889 racemos.
1000 2831 1048 2888 Ita
1064 2829 1162 2888 diuina
1176 2829 1315 2902 protectio
1332 2829 1433 2889 fideles
1442 2848 1464 2889 ro

301 2934 417 2991 sanctam
433 2932 581 3010 ecclesiae,
597 2949 632 2991 ne
648 2934 792 3006 deficiant,
809 2928 881 3014 (ab)
892 2932 1114 2991 aduersantibus
1129 2932 1214 2991 huius
1231 2931 1324 2992 seculi
1336 2937 1433 3006 prote·

300 3035 345 3109 git
360 3038 389 3093 et
404 3035 507 3094 munit.
530 3036 618 3094 Post
633 3036 660 3093 d·
675 3038 784 3109 postea,
809 3037 961 3109 postquam
979 3034 1010 3092 in
1032 3035 1130 3094 uinum
1152 3037 1296 3094 conuertit
1320 3052 1433 3109 aquam.
1534 3103 1535 3106 Ἴ

301 3139 441 3197 rancis.
479 3137 581 3197 Febris
605 3137 711 3198 dicitnr
734 3157 751 3196 a
774 3138 921 3211 sermondo,
946 3140 975 3198 et
997 3137 1066 3197 licet
1088 3155 1106 3196 a
1124 3136 1218 3196 calore
1235 3138 1347 3197 dicatur
1362 3154 1433 3198 uon·

301 3258 444 3314 nunquam
479 3241 588 3315 frigida
615 3245 668 3316 est,
698 3244 728 3300 et
757 3242 788 3299 in
817 3241 916 3301 diuina
948 3241 1091 3313 scriptura
1120 3257 1217 3300 omnes
1246 3241 1433 3300 infirmitates
1534 3307 1535 3310 Ἴ

301 3345 390 3404 febris
414 3345 549 3403 dicuntur
571 3344 694 3404 nomine.
725 3345 909 3414 Quantum
931 3343 1095 3418 imperii,
1118 3343 1248 3403 uirtutis.
1272 3345 1464 3404 Admiratioes

301 3450 362 3521 est3
385 3451 524 3521 quantum
546 3448 625 3508 illius
647 3448 691 3508 rei
713 3447 844 3519 dicimus
868 3451 901 3506 ut
923 3450 1061 3521 qnantum
1076 3447 1146 3523 uini,
1170 3448 1308 3520 quantum
1332 3464 1433 3521 aquae.

301 3551 397 3610 Rura
430 3549 458 3606 ·i·
494 3549 593 3611 uillas.
638 3551 757 3611 Casas
792 3553 818 3610 ·i·
852 3551 950 3611 domos
984 3550 1156 3626 pastorales.
1210 3550 1432 3624 Castellum,

300 3654 504 3714 diminutinnm
541 3671 559 3711 a
596 3655 711 3714 castris.
762 3655 930 3716 Candore
966 3655 1077 3713 miser
1114 3671 1144 3712 ·s·
1182 3653 1233 3713 alii
1268 3653 1433 3728 gaudebant

301 3761 420 3833 propter
452 3773 537 3818 suum
570 3761 733 3831 candorem,
766 3759 824 3818 istc
858 3757 1092 3830 contristabatur,
1127 3757 1195 3830 quia
1223 3756 1303 3830 lepra
1325 3759 1433 3830 gaudet

302 3862 332 3918 in
365 3878 493 3935 corpore.
537 3861 632 3936 Lepta
668 3878 771 3936 graece
809 3863 946 3932 uarietas,
984 3861 1050 3920 iude
1083 3861 1213 3934 leprosus
1246 3861 1351 3920 dicitur
1384 3863 1464 3936 quiec

302 3965 391 4023 uariis
413 3964 559 4023 coloribus
582 3965 758 4025 maculosum
781 3982 885 4040 corpus
907 3965 1006 4025 habet.
1042 3963 1206 4035 Quaeritur,
1230 3978 1281 4022 cur
1302 3965 1432 4037 leprosus

302 4068 333 4125 in
348 4067 395 4126 uia
417 4069 542 4127 occurrit
564 4067 694 4148 domiuo;
717 4068 785 4143 quia
808 4068 854 4126 lex
877 4067 1085 4142 praecipiebat,
1109 4067 1141 4125 ut
1157 4064 1249 4125 omnis
1264 4066 1432 4141 leprosusa
1534 4075 1535 4080 ’

302 4173 444 4230 consortio
466 4173 625 4232 communis
646 4171 836 4232 habitationis
852 4173 1011 4244 separetur.
1056 4169 1188 4230 Febris
1205 4167 1231 4227 ·i·
1248 4168 1347 4243 febris,
1364 4169 1432 4229 licet
1534 4163 1535 4166 ’

304 4292 321 4331 a
349 4273 460 4333 feruore
491 4274 614 4347 dicatur,
643 4274 799 4349 aliquando
827 4275 924 4334 tamen
957 4273 1066 4348 frigore
1094 4275 1199 4348 corpus
1228 4271 1347 4332 cruciat.
1394 4274 1433 4330 In
