3142 5034
558 410 705 481 Remigii
729 412 908 480 expositio.
1236 413 1299 479 329

170 622 233 665 cnm
264 608 319 686 est,
349 607 418 679 qnia
446 606 548 666 stellae
581 605 764 666 astallando
798 606 940 666 dicuntur.
986 608 1134 681 Lignea.
1171 607 1298 682 ligneus
1307 629 1326 660 v.
1342 621 1444 662 ceuceu

170 708 278 768 dicitur
300 710 394 784 homo,
409 710 458 784 qui
473 708 584 784 lignum
599 710 712 788 adorat,
729 710 806 770 sient
821 710 960 783 lapideus,
978 713 1028 784 qui
1044 711 1170 785 lapidem
1186 710 1298 773 adorat.

170 813 301 872 Sardis
333 815 360 872 ·i·
395 815 430 872 ad
465 813 577 874 surdos.
616 813 726 874 Surdus
760 814 867 874 dicitur
900 832 932 874 ao
962 815 1038 889 quod
1067 814 1166 874 sordes
1195 814 1300 888 capitis

171 918 308 997 natiueat,
337 920 434 977 mutus
462 917 567 978 dicitur
595 935 612 975 a
642 917 756 990 mugitu
786 933 819 976 eo
849 919 925 992 quod
954 918 1033 979 uocis
1055 935 1159 978 sonum
1182 917 1301 1004 naribus

149 1021 290 1080 aretinet.
334 1020 502 1081 culmina
531 1039 549 1080 a
579 1021 672 1081 culmo
705 1021 849 1082 dicuntur.
895 1021 1077 1093 Gaudent,
1112 1020 1235 1080 earduus
1257 1023 1303 1079 est

173 1125 262 1183 herba
285 1125 412 1199 spinosa,
436 1142 511 1198 qnae
534 1125 620 1199 uulgo
637 1124 797 1198 calcatripa
813 1126 943 1184 uocatur.
988 1126 1158 1183 Monstra
1172 1123 1198 1180 ·i·
1214 1123 1301 1192 idola,

172 1227 239 1286 idea
266 1227 369 1288 forma.
410 1224 503 1287 ‘dulia'
534 1230 660 1288 seruitus
684 1230 740 1304 est,
763 1230 830 1287 iudo
853 1228 989 1288 idolatria
1013 1228 1140 1287 seruitus
1161 1225 1303 1286 idolorum

174 1334 205 1390 et
240 1330 365 1390 idolatra
401 1331 485 1391 homo
519 1332 626 1392 dicitur
659 1332 788 1391 seruiens
823 1331 919 1391 idolis.
964 1331 1137 1390 Mentem.
1176 1331 1304 1389 Mentem

175 1427 304 1508 appellat
336 1435 455 1494 difficile
488 1450 603 1494 carmen
636 1434 794 1506 euangelii.
840 1434 955 1494 Iulis,
994 1434 1081 1494 Talus
1114 1435 1160 1493 cst
1193 1450 1305 1493 summa

139 1554 244 1610 repara
282 1537 364 1615 tecti,
400 1533 479 1597 unde'
515 1539 694 1612 contignatio
730 1538 869 1612 procedit.
915 1538 983 1598 Vbi
1017 1538 1153 1596 dantur
1188 1536 1304 1609 digna

175 1639 331 1713 petenti.
361 1640 436 1700 Illud
459 1642 555 1714 tangit
577 1643 649 1714 qnod
674 1643 704 1700 in
727 1641 877 1715 euangelio
900 1641 1022 1700 dicitur:
1057 1641 1152 1698 Petite
1176 1641 1206 1699 et
1228 1639 1305 1697 acei-

176 1743 272 1817 pietia
318 1745 516 1815 Reprobas
545 1743 571 1801 ·i·
595 1745 775 1818 reprobatus.
820 1744 990 1817 Angnlus
1011 1743 1040 1800 ·i·
1063 1742 1187 1817 populus
1218 1742 1306 1801 lude·

177 1864 266 1906 orum.
312 1845 382 1905 Ille
414 1845 516 1921 lapte
547 1850 593 1906 est
616 1848 757 1918 Christus,
788 1847 839 1921 qui
869 1849 1040 1920 reprobatus
1069 1846 1125 1906 fuit
1157 1846 1305 1919 aludeis,

177 1950 290 2023 quando
313 1949 461 2010 dixerunt:
485 1949 626 2009 Nolumus
649 1951 726 2010 hune
749 1967 871 2024 regnare
895 1967 981 2024 super
997 1967 1060 2026 uos,
1086 1951 1115 2008 et
1133 1949 1162 2006 in
1178 1947 1306 2022 psalmo:

141 2074 168 2112 is
179 2053 317 2127 Lapidem
339 2071 424 2126 quem
446 2053 673 2127 reprobauernut
695 2056 723 2112 et
737 2055 792 2112 cet.
831 2053 919 2126 Lapis
939 2054 1086 2126 angulanis
1103 2052 1208 2110 dicitur
1224 2050 1306 2109 Chri-

178 2159 252 2231 stus,
275 2158 344 2229 qnia
359 2157 509 2230 coniungit
525 2156 581 2215 sibi
598 2156 738 2230 gentilem
753 2155 890 2230 populum
908 2159 937 2216 et
953 2156 1110 2229 Iudaicum,
1126 2155 1218 2213 ueluti
1233 2154 1307 2226 lapis

180 2259 328 2332 coniungit
355 2261 494 2332 parietes.
537 2259 697 2334 Simplet
724 2260 751 2318 ·i·
782 2260 919 2334 simplum
941 2259 1041 2320 faciat.
1076 2271 1238 2319 HISTORIA
1260 2269 1307 2318 DE

178 2376 296 2423 ΑΕΗΘ.
331 2364 432 2421 Arrius
455 2363 513 2422 luit
535 2365 636 2424 doctor
658 2364 854 2424 Alexandriae
878 2363 1015 2438 ciuitatis,
1039 2380 1112 2437 qnae
1136 2365 1180 2422 est
1202 2363 1308 2420 metro·

178 2465 254 2540 polis
276 2466 412 2541 Aegypti,
445 2484 531 2540 quam
561 2466 725 2526 aedificauit
754 2483 875 2540 maguus
898 2467 1072 2525 Alexander.
1109 2465 1145 2524 In
1168 2482 1225 2538 qua
1247 2466 1310 2524 enat

145 2569 283 2627 eoPetrus
316 2568 477 2643 episcopus,
502 2568 633 2642 subque
656 2569 711 2626 iste
733 2571 798 2626 erat
821 2570 918 2627 doctor
940 2568 1065 2628 scholae.
1104 2567 1158 2636 Qui
1182 2566 1309 2626 latenter

181 2671 303 2730 docebat
324 2688 387 2730 esse
409 2670 514 2730 Filium
537 2671 675 2731 minorem
698 2673 786 2731 Patre
809 2674 839 2731 et
862 2671 1002 2745 Sptritum
1025 2673 1157 2729 sanctum
1172 2671 1309 2728 minorem

180 2775 311 2848 utroque.
349 2774 428 2834 I'uuc
451 2775 553 2834 Petrus
581 2777 687 2834 missus
710 2778 756 2834 est
776 2793 795 2834 a
817 2776 937 2852 licinio,
961 2776 1037 2834 socio
1061 2772 1252 2845 Constantini,
1277 2772 1308 2831 in

182 2895 326 2937 carcerem
348 2880 466 2950 propter
488 2877 571 2936 fidem
587 2877 768 2949 catholicam,
785 2895 871 2952 quam
888 2876 1080 2951 praedicabat.
1110 2875 1162 2936 (lui
1178 2876 1310 2935 Christus

183 2980 319 3054 apparuit
341 2980 371 3038 iu
393 2979 488 3054 specie
510 2981 591 3054 pueri
613 2981 798 3054 pulcherrimi
820 2981 953 3040 inductus
977 2978 1085 3040 colobio
1108 2979 1310 3038 candidissImo

147 3086 252 3143 asedec
285 3086 317 3144 ut
350 3084 398 3144 uix
431 3083 556 3157 conspici
590 3086 698 3157 posset,
736 3085 788 3143 sed
822 3084 978 3143 dilacerato
1011 3081 1104 3142 ueluti
1134 3099 1152 3139 a
1177 3081 1310 3140 canibus.

183 3187 295 3248 Deinde
323 3188 427 3246 Petrus
455 3188 595 3259 grauatus
623 3188 750 3262 pondere
781 3189 958 3262 catenarum,
989 3186 1094 3260 quibus
1118 3189 1180 3244 erat
1201 3185 1310 3258 ligatus

181 3293 215 3350 ct
235 3309 293 3350 non
315 3290 418 3350 ualens
440 3305 568 3364 surgere,
591 3289 729 3348 clamauit
751 3290 867 3350 diceus:
892 3289 1012 3348 Domine
1034 3288 1099 3362 quis
1114 3289 1156 3347 ita
1171 3291 1200 3346 te
1216 3287 1311 3346 affecit

185 3395 213 3454 .i·
236 3390 426 3455 dilaceranit?
449 3393 500 3453 Oui
522 3393 596 3454 dixit
619 3394 773 3454 Dominus:
797 3394 900 3452 Arrius
922 3410 966 3452 me
988 3393 1084 3464 scidit,
1108 3392 1209 3450 diuisit
1234 3390 1312 3450 enim

185 3515 231 3556 me
253 3515 271 3556 a
292 3500 373 3571 patre
402 3513 473 3567 meo,
502 3496 553 3556 sed
582 3496 647 3556 uide
676 3513 712 3554 ue
739 3497 766 3556 ei
789 3495 988 3555 communices.
1027 3495 1132 3554 Postea
1159 3495 1311 3553 interfecto

150 3601 298 3660 eoLicinio
319 3619 337 3659 a
360 3600 556 3671 Constantino,
580 3601 648 3673 quia
670 3600 732 3659 eius
754 3598 905 3672 imperinm
927 3600 1043 3658 nolebat
1057 3598 1230 3672 praeripere,
1246 3614 1311 3656 cnu-

186 3704 320 3778 gregauit
348 3703 556 3764 Constantinus
588 3703 741 3762 maximam
775 3703 916 3776 synodum
948 3703 1143 3761 trecentorum
1176 3699 1313 3759 uidelicet

187 3809 216 3866 ot
237 3805 262 3863 X
285 3808 315 3866 et
337 3807 411 3866 VIII
433 3804 631 3881 opiscoporum
660 3805 788 3878 exceptis
819 3805 986 3864 diaconibus
1009 3805 1038 3862 et
1068 3802 1232 3874 abbatibus,
1263 3801 1314 3860 ubi
1438 3793 1441 3801 '

292 4024 322 4077 11
341 4023 400 4078 Ich.
420 3985 460 4090 rc,
478 4022 513 4076 14
616 4022 649 4076 15
667 4021 767 4077 111111.
788 4022 844 4088 111,
863 4021 896 4075 11

240 4231 274 4285 14
303 4203 407 4300 spalmo
433 4236 457 4298 (s
484 4233 565 4296 erae.)
593 4231 621 4284 A
757 4229 793 4283 30
824 4198 977 4282 constantii>
1003 4227 1031 4292 (n
1059 4239 1077 4278 a
1103 4241 1137 4278 m.
1164 4227 1192 4291 1)
1221 4224 1248 4275 A

189 4355 223 4409 32
241 4318 343 4422 itaut,
361 4356 389 4408 A
