3142 5034
255 410 321 478 284
754 406 892 461 sedulii

259 599 454 686 posteritatis
481 598 630 664 abscidit!
662 616 736 663 uam
759 598 813 680 qui
843 615 949 661 necem
978 596 1106 663 Domini
1129 595 1323 680 postulantes
1353 596 1386 661 in

258 723 292 769 se
313 721 446 786 suosque
461 703 542 770 filios
558 704 624 769 aius
639 703 823 785 sangninem
839 701 969 785 professi
985 704 1059 767 sunt
1074 718 1263 783 permanere,
1281 700 1386 781 dieen-

259 811 306 874 tes
329 808 487 873 furialiter
510 810 541 872 et
563 806 750 873 clamantes:
774 806 937 889 sanguis
968 805 1087 871 huius
1109 822 1228 887 super
1251 820 1319 869 nos
1347 804 1387 868 et

256 929 379 994 super
401 910 515 976 lilios
537 914 702 990 nostros,
726 928 850 976 omnam
868 908 1005 976 fructum
1023 909 1071 976 sui
1086 908 1238 992 germinis
1255 907 1385 973 damua-

257 1015 380 1092 uernnt,
414 1013 525 1078 donee·
545 1013 583 1077 ab
615 1013 660 1079 eis
682 1012 759 1078 haee
793 1012 919 1080 macula
956 1012 1045 1079 illius
1082 1029 1163 1097 aqua
1199 1010 1426 1096 spiritaliters

256 1118 413 1197 abluatur,
448 1116 536 1182 cuius
565 1118 599 1183 in
632 1116 678 1181 eis
711 1135 802 1183 cruor
830 1115 970 1183 letaliter
1000 1116 1179 1183 dominatur
1208 1113 1384 1197 adspersus.

256 1219 318 1284 beu
347 1220 487 1304 nequitia
510 1220 568 1303 tui,
590 1219 704 1297 Pilate,
732 1220 888 1297 facinoris,
912 1240 1006 1303 quam
1029 1219 1181 1304 patrasti!
1205 1220 1259 1303 qui
1280 1221 1328 1283 tot
1350 1216 1385 1282 in

256 1309 317 1387 uno
347 1324 463 1389 iudicio
491 1324 543 1389 uel
569 1322 673 1407 potius
700 1324 888 1407 praeiudicio
920 1323 1053 1391 crimina
1080 1321 1275 1400 commisisti,
1305 1337 1384 1404 quae

254 1425 282 1491 ei
298 1426 428 1511 prouida
439 1429 598 1493 sanandus
611 1430 716 1492 mente
728 1444 936 1510 cognosceres,
953 1426 1108 1494 noneolas
1119 1444 1230 1492 manus
1245 1425 1382 1502 abluere,

253 1533 308 1596 sed
326 1531 428 1596 totum
443 1530 560 1615 iugiter
575 1548 685 1613 eorpus
700 1547 790 1596 sacro
806 1530 957 1596 debueras
972 1548 1070 1613 aquae
1092 1529 1245 1613 spiritalis
1256 1529 1382 1623 lauacro
1394 1548 1424 1587 ιο

254 1632 448 1715 perfundere.
477 1634 594 1699 iustum
612 1633 728 1699 iniuste
743 1634 932 1714 diuerberas‚
948 1653 1056 1719 regem
1071 1651 1196 1718 praeses
1212 1632 1382 1709 examinas,

253 1738 319 1803 Deo
340 1740 372 1802 te
393 1754 579 1820 praeponere
600 1736 741 1802 mortalis
763 1738 854 1803 homo
877 1754 937 1802 non
962 1738 1110 1819 trepidas.
1148 1736 1245 1821 igitur
1274 1732 1383 1799 luendi

199 1825 203 1833 ’
253 1839 395 1922 supplicii
425 1838 488 1905 iam
516 1838 632 1903 teneris
662 1838 695 1903 in
721 1838 865 1918 uinculis,
889 1838 962 1923 quia
984 1857 1150 1905 numerosa
1172 1856 1228 1921 per
1250 1836 1383 1905 uulnera

252 1941 338 2008 cruci
353 1943 522 2009 Dominum
546 1945 704 2008 creaturae
720 1944 859 2027 configis,
874 1942 1096 2027 Caesaremque
1111 1944 1212 2027 magis
1227 1940 1382 2008 offendere

253 2063 345 2128 quam
369 2043 507 2111 Caesaris
526 2046 640 2111 metuis
662 2047 867 2116 conditorem.
1390 2068 1421 2110 rs

203 2171 240 2233 la
295 2164 433 2248 Cumque
471 2166 604 2232 militari
643 2165 785 2233 Christus
824 2169 998 2235 executioni
1037 2167 1233 2235 contraditus
1270 2166 1382 2233 mortis

252 2268 424 2334 sententiae
458 2268 641 2349 subiaceret,
670 2270 794 2356 inipso
817 2270 1021 2337 nihilominus
1044 2271 1141 2349 cultu,
1164 2288 1256 2353 quem
1277 2270 1382 2355 regiae

253 2373 310 2437 sub
333 2371 480 2455 imaginis
502 2372 656 2439 inlusione
677 2376 825 2456 suscepit,
851 2376 958 2460 magni
980 2375 1169 2459 gerebantur
1184 2376 1381 2439 sacramenta

251 2475 404 2559 mysterii.
443 2477 524 2556 quod
546 2476 630 2541 enim
653 2477 813 2541 coccineae
845 2477 986 2543 clamidis
1010 2480 1151 2543 uelamen
1174 2477 1302 2542 indutas
1321 2477 1380 2553 est,

206 2618 209 2631 ·
251 2580 416 2644 cruentum
431 2579 555 2645 futurae
581 2580 692 2644 mortis
706 2579 942 2645 demonstrabat
958 2584 1128 2663 aspectum.
1164 2581 1270 2662 spinea
1285 2580 1418 2661 caputio

250 2680 317 2744 eius
340 2696 452 2745 corona
474 2679 688 2759 circumdedit,
711 2681 859 2763 quoniam
881 2680 986 2763 spinas
1009 2681 1150 2745 omnium
1172 2683 1380 2763 peecatorum,

250 2799 329 2864 quae
351 2784 521 2848 humanum
543 2801 641 2866 genus
663 2784 782 2867 passim
804 2782 993 2859 inuaserant,
1016 2783 1069 2865 pie
1091 2782 1174 2848 solus
1196 2782 1379 2851 humilitate

250 2886 399 2967 portauit.
437 2904 535 2952 manu
560 2888 668 2952 datam
690 2887 835 2970 gestabat
857 2884 1074 2965 harundinem,
1098 2886 1256 2952 mundano
1283 2902 1378 2969 regno

350 3072 418 3126 del.
436 3072 537 3127 Matth.
555 3072 598 3139 at,
615 3072 650 3127 25

299 3241 311 3293 1
332 3239 515 3307 postteritatis
532 3240 576 3306 H,
604 3239 775 3309 posteritatis
793 3256 828 3295 aar
844 3240 1029 3310 prosteritatis
1046 3240 1075 3296 Β
1159 3255 1308 3311 namqueo

246 3324 457 3395 2qu010m.B
526 3327 618 3381 3eius
635 3326 667 3381 H
739 3326 959 3381 talamauerunt
975 3326 1017 3392 u,
1047 3326 1263 3396 dampnauerunt
1279 3327 1309 3383 Β

245 3413 263 3465 5
288 3426 370 3479 aquas
397 3412 432 3467 H
529 3412 546 3466 6
572 3412 707 3467 laetaliter
730 3413 775 3478 H,
805 3411 942 3475 loetaliter
965 3412 993 3467 Β
1097 3413 1114 3469 8
1137 3428 1216 3468 unere
1239 3413 1376 3483 (iceras.)

245 3497 280 3551 H
374 3498 457 3567 9pro
475 3497 535 3551 uita
552 3497 593 3564 Β,
622 3497 743 3567 pronicio
759 3499 796 3553 H
882 3497 1004 3553 ablueres
1021 3497 1074 3555 Hc
1169 3499 1200 3553 11
1219 3498 1377 3568 profundere

244 3584 281 3638 H
378 3583 467 3668 iustae
491 3582 520 3638 Β
623 3583 722 3654 iniuste
740 3584 899 3640 deuerberas
926 3584 985 3639 ΗΒ
1097 3583 1130 3639 12
1157 3583 1264 3639 domino
1290 3601 1307 3640 o

245 3703 304 3742 omo
328 3686 356 3741 Β
457 3686 557 3757 quibus
580 3687 667 3757 igitur
690 3687 739 3744 Bo
844 3689 876 3745 13
900 3689 964 3759 quia
986 3688 1054 3754 He,
1083 3703 1136 3758 qus
1158 3686 1199 3754 B,
1229 3688 1276 3758 qui
1293 3688 1323 3745 R
1338 3688 1376 3755 ef.

248 3775 338 3830 Germ.
442 3774 632 3844 recordareris
649 3775 684 3830 H
783 3776 817 3831 15
835 3780 925 3846 cesare
942 3772 1076 3845 magisR
1179 3774 1213 3829 16
1230 3790 1267 3829 nn
1285 3788 1376 3829 eonor·

243 3874 303 3916 una
326 3859 645 3919 maurecenorum
669 3875 819 3917 auruum
843 3860 882 3929 Β,
913 3877 963 3916 ooo.
989 3861 1036 3925 Η,
1071 3860 1111 3915 De
1134 3862 1210 3915 ueste
1233 3874 1375 3929 purpurea,

243 3979 338 4019 corona
364 3964 464 4033 spinea,
490 3963 621 4018 nundine
647 3965 676 4019 et
701 3964 822 4019 ussdbus
849 3964 951 4019 Christi
978 3980 994 4021 o
1117 3963 1247 4017 secationi
1274 3964 1311 4018 H

245 4084 277 4138 17
294 4050 422 4139 εὀῗῖιῖϋω
438 4084 467 4140 Β
483 4100 554 4140 corr.
571 4088 642 4141 Μ
740 4086 845 4141 cultum
862 4086 898 4140 H
988 4100 1068 4155 quem
1085 4084 1113 4139 Β
1213 4085 1246 4141 18
1264 4068 1381 4155 geneum

243 4170 271 4224 Β
374 4171 406 4225 19
428 4172 549 4225 eooainae
570 4170 607 4224 H
705 4170 828 4225 clamidis
846 4170 932 4227 ΒΗΒ
1035 4170 1068 4225 al
1088 4184 1186 4225 corona
1203 4186 1254 4225 om.
1274 4170 1308 4225 H

241 4255 276 4307 22
290 4258 354 4323 post
372 4254 492 4309 humanu
508 4269 564 4309 raa.
583 4258 599 4310 1
616 4255 669 4311 litt.
688 4258 712 4325 (s
720 4256 744 4325 1)
762 4255 790 4310 Β
893 4255 927 4310 23
950 4271 1032 4310 manu
1048 4255 1094 4309 Ηι
1114 4260 1187 4324 (nam
1205 4268 1275 4311 corr.
1288 4270 1322 4309 m.
1335 4256 1374 4324 a),

242 4355 338 4395 namo
439 4339 596 4395 arundinem
612 4341 655 4396 H¹
756 4341 855 4396 munda
871 4342 901 4399 Β
