3142 5034
636 409 875 478 capitulorum.
890 405 893 415 '
1260 412 1321 481 153

273 602 372 663 XIIII.
398 604 441 767 {le
466 602 549 766 10710710)
581 620 645 663 oum
680 602 748 664 felle
784 603 873 664 mixto
909 605 985 665 tacto
1020 604 1106 664 labiis
1139 608 1168 665 et
1201 610 1319 671 remoto.

412 706 439 747 v.
527 733 534 746 .

307 790 369 851 XV.
396 793 439 851 De
468 791 637 851 salutiferae
659 792 752 850 crucis
775 792 985 866 quadripertita
1013 794 1155 867 positione
1177 798 1222 855 nel
1245 814 1318 871 qua-

396 876 518 936 drifaria
539 876 628 937 totius
651 878 729 939 orbis
751 878 930 952 protectione
952 882 1091 953 porrecta.
1138 878 1176 959 (v.
1205 884 1289 958 182.)

166 1009 182 1050 s
289 990 367 1050 XVI.
396 990 440 1154 {le
461 988 594 1153 tlrglgnfui
616 988 704 1049 titulo
728 1007 813 1064 super
834 992 920 1065 caput
934 991 1012 1065 regis
1027 992 1122 1065 posito
1138 992 1319 1055 Iudaeorum.

411 1092 439 1134 v.
529 1119 537 1134 .

275 1178 366 1237 XVII.
395 1177 437 1237 De
458 1178 586 1239 sortione
609 1193 668 1238 non
690 1179 798 1239 scissae
820 1182 913 1241 uestis
958 1176 1001 1262 (v.
1025 1179 1110 1258 200.)

260 1290 370 1351 XVIII.
398 1292 442 1350 De
457 1290 568 1350 duobus
583 1287 745 1350 latronibus
760 1308 824 1351 oum
838 1291 960 1352 Domino
976 1292 1127 1353 crucifixis.
1175 1294 1213 1367 (v.
1234 1292 1319 1371 202.)

246 1402 373 1462 XVIIH.
398 1402 439 1461 De
462 1402 588 1462 tenebris
613 1402 748 1462 horarum
771 1402 830 1462 diei
852 1402 950 1464 trium.
996 1398 1037 1483 (v.
1061 1400 1150 1483 232.)

153 1531 183 1571 ro
305 1513 366 1573 XX.
397 1514 438 1573 De
459 1515 554 1574 terrae
576 1517 655 1573 motu
677 1515 806 1599 eiusdem
828 1514 976 1589 temporis.
1023 1513 1063 1593 (v.
1088 1514 1174 1593 245.)

293 1625 370 1686 XXI.
397 1626 439 1685 De
473 1627 553 1686 aceto
587 1628 620 1686 in
642 1626 765 1699 spongia
794 1626 852 1685 iam
874 1622 997 1687 Domino
1023 1626 1053 1685 in
1077 1642 1160 1687 cruce
1182 1629 1319 1702 pendenti

396 1714 536 1785 porrecto.
581 1708 623 1790 (r.
648 1712 733 1787 252.)

277 1823 369 1885 ΧΧΠ.
396 1823 439 1882 De
462 1824 552 1883 morte
579 1822 706 1894 Domini,
728 1824 758 1881 in
782 1841 840 1897 qua
861 1826 960 1897 petrae
982 1823 1090 1884 scissae
1113 1826 1181 1883 sunt
1204 1826 1324 1899 aperta*

396 1925 451 1984 qne
481 1910 633 1983 sepulchra
655 1912 684 1967 01
705 1911 802 1969 uelum
824 1910 925 1984 templi
948 1911 1070 1970 scissum
1092 1910 1221 1983 pandens
1245 1912 1319 1985 legis

398 2011 511 2054 arcana.
560 1994 600 2073 (v.
624 1996 708 2069 261.)

262 2106 369 2165 XXIII.
395 2106 524 2166 Inuectio
547 2107 700 2166 aduersum
723 2108 851 2167 mortem.
896 2102 938 2187 (r.
962 2104 1049 2185 276.)

246 2218 370 2278 XXIIII.
397 2220 439 2277 De
469 2220 650 2278 sacramento
681 2218 833 2292 sanguinis
860 2222 890 2279 et
911 2236 1002 2291 aquae
1024 2219 1059 2276 de
1089 2218 1180 2280 latero
1203 2220 1318 2279 Domini

395 2304 565 2377 profluente.
613 2302 652 2381 (v.
676 2305 739 2363 284
762 2302 845 2384 iam.)

203 2471 205 2474 ,
280 2406 368 2468 XXV.
396 2407 439 2571 {le
461 2402 681 2572 29οἐ10)10(110000
731 2407 845 2468 Domini
900 2409 1098 2483 signandaque
1154 2408 1317 2482 sepulchro.

410 2511 437 2555 r.
526 2538 534 2555 .

263 2594 366 2655 XXVI.
395 2595 438 2655 De
461 2596 587 2669 primatu
610 2596 656 2654 uel
675 2596 819 2669 dignitate
834 2596 901 2668 diei,
925 2613 979 2671 quo
995 2596 1136 2657 Dominus
1151 2598 1318 2673 resurrexit,

395 2699 428 2740 ac
461 2683 496 2740 de
529 2682 696 2740 mulieribus
726 2684 755 2740 et
777 2682 879 2755 angelo
908 2684 1039 2756 geminae
1062 2683 1167 2756 speciei
1190 2683 1318 2743 custodi-

393 2768 504 2841 busque
532 2768 652 2841 pecunia
673 2769 827 2840 corruptis,
858 2771 890 2826 ut
912 2767 1013 2827 furtim
1035 2770 1180 2829 sublatum
1204 2769 1319 2829 Domini

396 2870 500 2927 corpus
522 2854 723 2913 mentirentur.
768 2850 810 2932 (v.
835 2852 922 2927 315.)

151 2983 181 3025 as
250 2963 368 3025 XXVII.
396 2965 440 3024 De
469 2964 624 3023 reiectione
654 2980 818 3038 synagogae
848 2966 878 3023 et
909 2963 1046 3025 electione
1081 2964 1218 3027 ecclesiae
1251 2967 1317 3026 imi-

395 3050 486 3109 tantis
515 3067 625 3124 semper
646 3045 790 3123 uirginem
812 3051 941 3110 matrem.
989 3046 1027 3128 (v.
1053 3046 1160 3127 351.).

257 3135 366 3196 XVIII.
394 3134 436 3195 De
461 3134 606 3209 agnitione
629 3135 744 3194 Domini
767 3137 799 3194 in
822 3134 968 3201 fractione.
985 3138 1079 3210 panis.
1125 3134 1167 3216 (v.
1191 3134 1278 3213 365.)

216 3246 366 3307 XXVIIII.
393 3246 435 3305 De
464 3264 497 3307 eo
527 3247 602 3319 quod
631 3246 768 3306 Dominus
792 3264 877 3322 saepe
899 3264 930 3307 se
953 3247 1103 3322 discipulis
1125 3247 1319 3307 manifestans

393 3334 505 3407 partem
527 3333 615 3406 piscis
638 3335 698 3393 assi
719 3333 873 3408 fanumque
896 3334 1057 3395 comederit.
1103 3330 1145 3414 (v.
1170 3331 1260 3415 369.)

151 3460 180 3503 no
281 3443 367 3504 XXX.
395 3442 437 3504 Do
471 3444 649 3503 dubitatione
682 3445 729 3504 uel
760 3446 974 3504 confirmatione
1005 3445 1131 3504 Thomas
1161 3445 1318 3519 praebente

394 3530 517 3589 Domino
540 3548 640 3589 manus
662 3532 799 3589 otiatus.
847 3528 887 3607 (v.
912 3532 973 3589 374
997 3529 1176 3607 formidine.)

267 3638 368 3700 XXXI.
395 3641 438 3699 De
468 3643 586 3716 captura
615 3642 738 3715 piscium
768 3642 861 3701 cnm
890 3644 919 3701 et
949 3659 1044 3703 rerum
1073 3642 1208 3718 mysterio
1231 3642 1318 3701 trium

393 3726 483 3801 piscis
504 3728 590 3801 panis
606 3730 634 3786 et
649 3728 726 3806 ignis
741 3728 917 3801 prandioque
937 3728 1117 3790 discentium.
1165 3726 1204 3807 (v.
1229 3724 1316 3806 392.)

163 4008 169 4015 ’
240 4010 353 4065 110010
371 4026 421 4065 oon.
440 4011 472 4065 Η
574 4011 697 4080 dcapnd
714 4011 747 4065 K
848 4011 882 4063 11
900 4026 1015 4079 spongea
1032 4010 1088 4064 ΓΚ
1188 4009 1317 4078 pendente

186 4129 254 4184 HK
355 4096 592 4199 140000101οΚ
691 4131 920 4188 usercensem
1020 4130 1196 4184 1610000110
1220 4130 1252 4183 K

81 4260 84 4267 ¹
187 4250 221 4304 21
240 4251 283 4305 ne
300 4250 333 4304 rr
426 4252 462 4305 22
478 4252 586 4306 0000
604 4252 637 4306 rr
729 4225 944 4307 00100000
1037 4250 1072 4304 so
1088 4250 1132 4304 uu
1149 4266 1199 4306 om.
1217 4250 1253 4305 Η

187 4354 223 4407 aa
240 4351 285 4408 00
300 4353 386 4407 erum
404 4360 428 4407 Γ
811 4358 812 4361 ¹
1023 4355 1026 4361 ’
