3142 5034
299 405 364 472 356
773 407 957 476 Appendix.

300 601 327 658 .i.
351 601 535 674 baptismum,
571 600 703 661 Christus
737 602 780 661 est
811 589 895 674 panis
924 603 999 662 sicut
1028 602 1099 675 ipse,
1130 603 1191 676 Ego
1220 619 1293 673 sum,
1323 603 1429 676 inquit,

301 703 385 777 panis
419 705 511 764 uiuus.
557 703 682 778 Spiritus
716 705 834 763 sauctus
869 705 957 779 iguis,
993 706 1061 779 quia
1089 705 1213 780 Spiritus
1248 707 1367 765 sauctus
1401 707 1430 763 in

302 806 413 880 linguis
435 806 532 880 igneis
553 807 688 882 apparuit
711 807 861 882 discipulis
884 809 915 868 in
949 809 994 868 die
1021 810 1214 880 pentecostes.
1251 807 1329 867 Hinc
1357 825 1430 881 aqua

153 909 498 982 eaeeebapoismatis.
543 908 677 983 Epulis
707 911 734 970 ·i·
762 911 798 970 ad
828 910 927 984 opulas
954 912 1090 971 edendas.
1135 911 1275 969 Modico
1297 913 1428 983 paratu

301 1011 328 1069 ·i·
349 1027 440 1085 parua
462 1013 704 1086 praeparatione;
728 1031 828 1087 parua,
856 1031 914 1074 uon
938 1013 1095 1087 luxuriosa,
1120 1016 1196 1074 sicut
1220 1013 1314 1073 solent
1337 1013 1463 1072 iaceres

300 1129 384 1186 reges
415 1117 443 1172 et
470 1115 624 1188 principes.
670 1115 756 1174 Bitu
785 1117 812 1174 ·i·
841 1135 875 1176 ex
904 1133 991 1192 mere,
1022 1116 1089 1191 quia
1117 1116 1230 1191 antiqui
1255 1117 1431 1190 prandentes

299 1217 373 1276 toris
411 1217 639 1278 discumbebant.
700 1220 807 1279 'doris
842 1219 869 1276 -i·
902 1221 1015 1292 herbis,
1053 1221 1101 1280 ubi
1125 1220 1329 1278 discubuerunt
1367 1235 1430 1278 eum

299 1321 449 1394 magistro.
482 1321 665 1395 Operatio
684 1324 709 1382 ·i·
727 1323 824 1395 Petro,
848 1339 936 1382 oues
952 1324 1024 1383 dicit
1039 1325 1258 1396 praedicatores.
1295 1322 1429 1381 Betha-

298 1425 359 1484 nia
381 1425 533 1484 ciuitatula
556 1427 601 1483 est
627 1427 656 1485 iu
679 1427 775 1484 moute
799 1426 899 1486 olibeti
927 1427 1023 1500 posita
1047 1429 1075 1485 et
1097 1427 1306 1500 iuterpretatur
1330 1425 1430 1482 domus

299 1527 465 1588 oboediens.
509 1530 651 1588 Dextra
684 1529 833 1602 aequalem
862 1529 985 1604 gloriam
1013 1529 1166 1602 significat.
1204 1529 1343 1588 Dominus
1373 1544 1463 1584 nonio

299 1632 388 1691 habet
415 1633 545 1691 dextram
572 1651 604 1692 ·s·
633 1633 733 1691 deutra
765 1649 817 1706 pro
851 1633 1028 1706 aequalitate
1063 1634 1092 1691 et
1124 1633 1268 1705 potestate
1302 1632 1428 1705 ponitur.

250 1727 254 1734 ’
299 1735 464 1794 Plurima
489 1735 742 1795 innumerabilium
771 1736 909 1796 bonorum
937 1735 1074 1808 discipuli
1095 1752 1150 1794 uon
1174 1735 1354 1808 scripserunt
1370 1751 1430 1793 om-

299 1839 357 1910 nia,
381 1855 453 1913 quae
475 1839 544 1898 fecit
565 1839 715 1914 Dominus,
739 1841 790 1899 sed
813 1841 924 1898 tautum
941 1840 1129 1912 seripserunt,
1146 1843 1287 1912 quantum
1302 1838 1431 1912 pertinet

299 1944 336 2001 ad
365 1943 536 2002 saluaudum
563 1959 657 2017 genus
687 1943 853 2016 humanum,
884 1945 952 2016 quia
980 1945 1005 2003 si
1035 1943 1173 2014 iacerent,
1206 1959 1263 2002 nou
1287 1941 1429 2016 potuisset

297 2049 422 2105 mundus
455 2063 565 2119 capere.
612 2048 724 2106 Carta
766 2047 844 2106 dicta
877 2064 895 2105 a
924 2048 1044 2106 cartauc
1081 2047 1193 2121 oppido,
1228 2046 1277 2104 ubi
1305 2045 1428 2119 primum
1440 2061 1462 2100 15

298 2152 430 2222 repertus
452 2151 498 2209 est
519 2166 589 2208 usus
616 2151 770 2222 cartarum,
801 2150 876 2208 sicut
891 2153 1108 2224 pergamentum
1124 2167 1140 2206 a
1157 2151 1295 2222 Pergamo
1312 2148 1425 2222 oppido.

299 2252 403 2312 Certae
436 2256 506 2312 suut
539 2253 730 2325 membranae,
754 2253 934 2313 membranae
956 2255 1050 2312 autem
1075 2256 1142 2312 suut
1164 2251 1257 2327 pelles
1279 2253 1377 2310 ouium
1400 2253 1428 2308 et

297 2356 432 2416 dicuntur
462 2374 494 2416 oo
524 2357 598 2430 quod
622 2374 640 2415 a
661 2357 796 2416 membris
825 2358 920 2416 ouium
950 2359 1102 2418 eruantur.
1150 2355 1310 2429 Descriptis
1338 2355 1426 2412 mira-

297 2461 370 2519 culis
407 2459 539 2519 hcrtatur
574 2462 659 2533 poete
696 2478 793 2519 secum
830 2475 929 2520 omnes
967 2477 1067 2518 cauere
1104 2457 1219 2519 Christo
1253 2461 1282 2516 et
1315 2460 1426 2532 gratias

296 2564 412 2626 referre.
1437 2575 1461 2614 ²⁰

662 2783 722 2868 IN
756 2781 1001 2866 HYMNVM
1033 2782 1060 2864 I.

193 3023 214 3052 ι.
228 3014 291 3053 1-1r
340 2995 520 3052 Honorem
536 2995 561 3052 ·i·
578 2993 710 3067 gloriam.
746 2993 990 3052 Ores-nostro.
1029 2992 1092 3051 Pio
1116 2994 1142 3050 ·i·
1167 2991 1304 3066 glorioso.
1335 2992 1425 3050 Pare·

297 3100 376 3157 ctera
398 3113 500 3171 graece
522 3097 712 3172 repercussio,
737 3097 803 3155 inde
826 3097 1035 3170 paractericum
1059 3113 1181 3167 carmen,
1205 3097 1312 3155 dicitur
1328 3111 1426 3170 reper-

296 3216 410 3260 cussum
433 3216 466 3261 eo
488 3203 564 3275 quod
586 3201 777 3276 repercutitur
800 3217 872 3260 unus
895 3217 994 3258 uersus
1012 3201 1048 3259 ab
1063 3199 1163 3272 altero,
1181 3200 1234 3259 hoo
1249 3201 1297 3258 est
1312 3200 1425 3259 initium

294 3305 380 3377 primi
409 3305 441 3362 fit
468 3305 600 3363 ultimum
633 3305 759 3364 secundi.
795 3303 917 3363 ·Vuius
940 3323 972 3364 ·s·
993 3302 1082 3362 Adae.
1128 3303 1176 3361 Ob
1208 3303 1376 3363 meritum
1398 3303 1458 3360 ire

296 3409 331 3466 ob
365 3422 491 3466 causam.
535 3409 697 3468 Minores
724 3407 751 3465 i·
785 3407 904 3482 posteri.
958 3407 1074 3468 Vnius
1108 3407 1134 3466 ·i·
1165 3406 1284 3467 Christi.
1330 3407 1423 3476 (luae

295 3511 421 3584 patuit
442 3512 470 3570 l·
491 3511 548 3571 fuit
570 3511 667 3590 ianua,
692 3511 760 3586 quia
782 3528 833 3585 per
855 3510 937 3570 illam
961 3527 1037 3571 mors
1060 3510 1190 3570 intrauit.
1220 3511 1325 3570 Iudam
1339 3511 1424 3569 uocat

294 3613 423 3689 iniquum
457 3614 585 3685 fratrem,
620 3617 689 3690 quia
723 3615 855 3674 Christus
888 3631 985 3674 omues
1020 3614 1177 3688 discipulos
1213 3631 1281 3673 suos
1316 3613 1422 3671 iratres

294 3716 433 3791 appellat.
479 3718 680 3778 Transitus
714 3720 742 3777 ·i·
768 3717 923 3778 translatio
957 3718 1065 3778 Enoch.
1112 3718 1204 3787 Quid
1235 3716 1363 3776 amisit
1397 3716 1423 3773 ·i·

294 3821 407 3894 qualern
421 3821 516 3880 locum
531 3821 666 3895 perdidit.
699 3823 837 3882 Parent
852 3823 879 3880 ·i·
895 3825 1077 3896 praeparent.
1102 3823 1144 3881 De
1159 3823 1288 3882 transitu
1306 3821 1454 3890 Christis

294 3923 364 3997 quia
382 3927 411 3983 et
433 3941 485 3984 uos
508 3926 550 3984 ita
564 3916 755 3988 transiemus.
800 3927 947 3998 Aequor
969 3925 996 3982 .i.
1019 3925 1168 3984 diluuium.
1214 3925 1340 3984 Archa
1362 3923 1422 3983 Noe

292 4043 328 4085 ex
350 4025 439 4100 lignis
461 4026 599 4101 lenigatis
622 4028 679 4086 luit
701 4029 728 4086 -i·
747 4028 853 4088 dolatis
881 4030 910 4088 et
932 4046 988 4088 uon
1011 4027 1114 4086 habuit
1141 4045 1275 4102 maguum
1298 4029 1418 4102 pondus.

397 4193 411 4246 1
436 4192 495 4246 rou.
513 4192 556 4259 41,
573 4194 605 4247 51

344 4346 381 4400 20
398 4343 511 4401 carTem’
529 4351 595 4402 m.2
612 4349 643 4402 aba
654 4365 707 4419 mp.
724 4351 752 4402 A
836 4351 870 4406 24
887 4354 948 4408 froid
967 4355 1008 4421 (ta
1025 4371 1113 4425 marp.
1131 4355 1213 4409 initia
1233 4372 1267 4409 m.
1282 4359 1309 4420 2)
1328 4357 1356 4408 A
