<?xml version="1.0" encoding="UTF-8"?>
<!DOCTYPE html PUBLIC "-//W3C//DTD XHTML 1.0 Transitional//EN"
    "http://www.w3.org/TR/xhtml1/DTD/xhtml1-transitional.dtd">
<html xmlns="http://www.w3.org/1999/xhtml" xml:lang="en" lang="en">
 <head>
  <title>
</title>
<meta http-equiv="Content-Type" content="text/html;charset=utf-8" />
  <meta name='ocr-system' content='tesseract 3.04.00' />
  <meta name='ocr-capabilities' content='ocr_page ocr_carea ocr_par ocr_line ocrx_word'/>
</head>
<body>
  <div class='ocr_page' id='page_1' title='image "./corpusscriptoru06wiengoog_0380.png"; bbox 0 0 3142 5034; ppageno 0'>
   <div class='ocr_carea' id='block_1_1' title="bbox 790 398 975 483">
    <p class='ocr_par' dir='ltr' id='par_1_1' title="bbox 790 398 975 483">
     <span class='ocr_line' id='line_1_1' title="bbox 790 398 975 483; baseline -0.011 -29"><span class='ocrx_word' id='word_1_1' title='bbox 790 398 975 483; x_wconf 78' lang='lat' dir='ltr'>Appendir.</span> 
     </span>
    </p>
   </div>
   <div class='ocr_carea' id='block_1_2' title="bbox 852 1029 905 1129">
    <p class='ocr_par' dir='ltr' id='par_1_2' title="bbox 852 1029 905 1129">
     <span class='ocr_line' id='line_1_2' title="bbox 852 1029 905 1129; baseline 0 -1"><span class='ocrx_word' id='word_1_2' title='bbox 852 1029 905 1129; x_wconf 91' lang='grc' dir='ltr'>ΙΙ.</span> 
     </span>
    </p>
   </div>
   <div class='ocr_carea' id='block_1_3' title="bbox 342 1269 1413 1559">
    <p class='ocr_par' dir='ltr' id='par_1_3' title="bbox 342 1269 1413 1559">
     <span class='ocr_line' id='line_1_3' title="bbox 342 1269 1413 1371; baseline 0.001 -3"><span class='ocrx_word' id='word_1_3' title='bbox 342 1269 635 1369; x_wconf 80' lang='grc' dir='ltr'>ΕΧΟΕΒΡΤΑ</span> <span class='ocrx_word' id='word_1_4' title='bbox 677 1271 751 1367; x_wconf 82' lang='lat' dir='ltr'>EX</span> <span class='ocrx_word' id='word_1_5' title='bbox 790 1270 1009 1371; x_wconf 74' lang='lat' dir='ltr'>aaaron</span> <span class='ocrx_word' id='word_1_6' title='bbox 1046 1269 1413 1369; x_wconf 75' lang='lat' dir='ltr'>expostulanti</span> 
     </span>
     <span class='ocr_line' id='line_1_4' title="bbox 554 1459 1202 1559; baseline 0.002 -4"><span class='ocrx_word' id='word_1_7' title='bbox 554 1459 616 1556; x_wconf 89' lang='lat' dir='ltr'>IN</span> <span class='ocrx_word' id='word_1_8' title='bbox 645 1459 932 1559; x_wconf 78' lang='lat' dir='ltr'>Pnsoflniii</span> <span class='ocrx_word' id='word_1_9' title='bbox 965 1460 1202 1559; x_wconf 78' lang='lat' dir='ltr'><strong>CARMEN.</strong></span> 
     </span>
    </p>
   </div>
   <div class='ocr_carea' id='block_1_4' title="bbox 168 1718 1470 3385">
    <p class='ocr_par' dir='ltr' id='par_1_4' title="bbox 311 1718 1470 2641">
     <span class='ocr_line' id='line_1_5' title="bbox 354 1718 1442 1817; baseline 0 -16"><span class='ocrx_word' id='word_1_10' title='bbox 354 1718 395 1801; x_wconf 85' lang='lat' dir='ltr'>In</span> <span class='ocrx_word' id='word_1_11' title='bbox 423 1741 554 1816; x_wconf 81' lang='lat' dir='ltr'>catalogo</span> <span class='ocrx_word' id='word_1_12' title='bbox 584 1741 709 1804; x_wconf 86' lang='lat' dir='ltr'>uirorum</span> <span class='ocrx_word' id='word_1_13' title='bbox 738 1741 894 1803; x_wconf 76' lang='lat' dir='ltr'><strong>illustrium</strong></span> <span class='ocrx_word' id='word_1_14' title='bbox 922 1744 951 1803; x_wconf 86' lang='lat' dir='ltr'>id</span> <span class='ocrx_word' id='word_1_15' title='bbox 980 1746 1027 1803; x_wconf 90' lang='lat' dir='ltr'>est</span> <span class='ocrx_word' id='word_1_16' title='bbox 1054 1743 1088 1803; x_wconf 89' lang='lat' dir='ltr'>iu</span> <span class='ocrx_word' id='word_1_17' title='bbox 1116 1742 1202 1815; x_wconf 86' lang='lat' dir='ltr'>libro,</span> <span class='ocrx_word' id='word_1_18' title='bbox 1230 1758 1314 1817; x_wconf 87' lang='lat' dir='ltr'>quem</span> <span class='ocrx_word' id='word_1_19' title='bbox 1343 1742 1442 1805; x_wconf 88' lang='lat' dir='ltr'>beatus</span> 
     </span>
     <span class='ocr_line' id='line_1_6' title="bbox 311 1844 1443 1921; baseline 0 -16"><span class='ocrx_word' id='word_1_20' title='bbox 311 1844 504 1921; x_wconf 77' lang='lat' dir='ltr'>Hieronymus</span> <span class='ocrx_word' id='word_1_21' title='bbox 533 1845 691 1918; x_wconf 83' lang='lat' dir='ltr'>iuoiroauit,</span> <span class='ocrx_word' id='word_1_22' title='bbox 715 1847 766 1906; x_wconf 86' lang='lat' dir='ltr'>sed</span> <span class='ocrx_word' id='word_1_23' title='bbox 795 1846 930 1907; x_wconf 87' lang='lat' dir='ltr'>Paterius</span> <span class='ocrx_word' id='word_1_24' title='bbox 960 1845 1118 1921; x_wconf 73' lang='lat' dir='ltr'>discipulus</span> <span class='ocrx_word' id='word_1_25' title='bbox 1146 1845 1208 1909; x_wconf 85' lang='lat' dir='ltr'>eius</span> <span class='ocrx_word' id='word_1_26' title='bbox 1242 1844 1373 1921; x_wconf 67' lang='lat' dir='ltr'>porterit,</span> <span class='ocrx_word' id='word_1_27' title='bbox 1403 1846 1443 1907; x_wconf 89' lang='lat' dir='ltr'>ibi</span> 
     </span>
     <span class='ocr_line' id='line_1_7' title="bbox 311 1946 1442 2034; baseline 0.003 -28"><span class='ocrx_word' id='word_1_28' title='bbox 311 1947 421 2021; x_wconf 79' lang='lat' dir='ltr'>iegitur</span> <span class='ocrx_word' id='word_1_29' title='bbox 443 1949 510 2023; x_wconf 89' lang='lat' dir='ltr'>quis</span> <span class='ocrx_word' id='word_1_30' title='bbox 531 1948 620 2034; x_wconf 89' lang='lat' dir='ltr'>fuerit</span> <span class='ocrx_word' id='word_1_31' title='bbox 642 1948 699 2008; x_wconf 89' lang='lat' dir='ltr'>iste</span> <span class='ocrx_word' id='word_1_32' title='bbox 722 1946 864 2011; x_wconf 75' lang='lat' dir='ltr'>sedulius.</span> <span class='ocrx_word' id='word_1_33' title='bbox 903 1950 969 2009; x_wconf 75' lang='lat' dir='ltr'>init</span> <span class='ocrx_word' id='word_1_34' title='bbox 992 1949 1067 2009; x_wconf 86' lang='lat' dir='ltr'>euim</span> <span class='ocrx_word' id='word_1_35' title='bbox 1084 1948 1177 2023; x_wconf 71' lang='lat' dir='ltr'>primo</span> <span class='ocrx_word' id='word_1_36' title='bbox 1192 1947 1285 2009; x_wconf 76' lang='lat' dir='ltr'>lucus</span> <span class='ocrx_word' id='word_1_37' title='bbox 1301 1948 1442 2011; x_wconf 82' lang='lat' dir='ltr'>saeoulari</span> 
     </span>
     <span class='ocr_line' id='line_1_8' title="bbox 311 2050 1442 2126; baseline 0.001 -16"><span class='ocrx_word' id='word_1_38' title='bbox 311 2050 472 2125; x_wconf 79' lang='lat' dir='ltr'>sapientiae</span> <span class='ocrx_word' id='word_1_39' title='bbox 495 2050 624 2126; x_wconf 80' lang='lat' dir='ltr'>deditue3</span> <span class='ocrx_word' id='word_1_40' title='bbox 646 2052 749 2125; x_wconf 80' lang='lat' dir='ltr'>postea</span> <span class='ocrx_word' id='word_1_41' title='bbox 771 2051 809 2111; x_wconf 87' lang='lat' dir='ltr'>ad</span> <span class='ocrx_word' id='word_1_42' title='bbox 827 2051 918 2113; x_wconf 89' lang='lat' dir='ltr'>Deum</span> <span class='ocrx_word' id='word_1_43' title='bbox 941 2068 1095 2112; x_wconf 81' lang='lat' dir='ltr'>conuersus</span> <span class='ocrx_word' id='word_1_44' title='bbox 1112 2053 1233 2126; x_wconf 82' lang='lat' dir='ltr'>seripsit</span> <span class='ocrx_word' id='word_1_45' title='bbox 1248 2052 1325 2112; x_wconf 86' lang='lat' dir='ltr'>huno</span> <span class='ocrx_word' id='word_1_46' title='bbox 1339 2052 1442 2112; x_wconf 86' lang='lat' dir='ltr'>librum</span> 
     </span>
     <span class='ocr_line' id='line_1_9' title="bbox 311 2153 1470 2232; baseline 0.001 -19"><span class='ocrx_word' id='word_1_47' title='bbox 311 2156 396 2229; x_wconf 85' lang='lat' dir='ltr'>quasi</span> <span class='ocrx_word' id='word_1_48' title='bbox 424 2171 476 2228; x_wconf 85' lang='lat' dir='ltr'>per</span> <span class='ocrx_word' id='word_1_49' title='bbox 504 2153 669 2214; x_wconf 84' lang='lat' dir='ltr'>diroeheum</span> <span class='ocrx_word' id='word_1_50' title='bbox 698 2156 728 2215; x_wconf 87' lang='lat' dir='ltr'>id</span> <span class='ocrx_word' id='word_1_51' title='bbox 756 2155 802 2214; x_wconf 88' lang='lat' dir='ltr'>est</span> <span class='ocrx_word' id='word_1_52' title='bbox 831 2156 973 2232; x_wconf 61' lang='lat' dir='ltr'>auplicem</span> <span class='ocrx_word' id='word_1_53' title='bbox 1001 2156 1199 2228; x_wconf 75' lang='lat' dir='ltr'>refectionem,</span> <span class='ocrx_word' id='word_1_54' title='bbox 1231 2156 1265 2215; x_wconf 88' lang='lat' dir='ltr'>de</span> <span class='ocrx_word' id='word_1_55' title='bbox 1299 2154 1393 2215; x_wconf 88' lang='lat' dir='ltr'>ueteri</span> <span class='ocrx_word' id='word_1_56' title='bbox 1414 2157 1470 2214; x_wconf 82' lang='lat' dir='ltr'>ets</span> 
     </span>
     <span class='ocr_line' id='line_1_10' title="bbox 312 2256 1440 2335; baseline 0.001 -19"><span class='ocrx_word' id='word_1_57' title='bbox 312 2274 388 2317; x_wconf 91' lang='lat' dir='ltr'>nouo</span> <span class='ocrx_word' id='word_1_58' title='bbox 418 2257 602 2319; x_wconf 86' lang='lat' dir='ltr'>testamento.</span> <span class='ocrx_word' id='word_1_59' title='bbox 640 2256 679 2316; x_wconf 84' lang='lat' dir='ltr'>Et</span> <span class='ocrx_word' id='word_1_60' title='bbox 706 2256 863 2334; x_wconf 85' lang='lat' dir='ltr'>soieudum,</span> <span class='ocrx_word' id='word_1_61' title='bbox 893 2260 961 2334; x_wconf 89' lang='lat' dir='ltr'>quia</span> <span class='ocrx_word' id='word_1_62' title='bbox 981 2259 1063 2334; x_wconf 87' lang='lat' dir='ltr'>prius</span> <span class='ocrx_word' id='word_1_63' title='bbox 1086 2258 1217 2334; x_wconf 86' lang='lat' dir='ltr'>prosaioe</span> <span class='ocrx_word' id='word_1_64' title='bbox 1238 2257 1319 2335; x_wconf 84' lang='lat' dir='ltr'>feeit,</span> <span class='ocrx_word' id='word_1_65' title='bbox 1343 2260 1440 2333; x_wconf 87' lang='lat' dir='ltr'>postea</span> 
     </span>
     <span class='ocr_line' id='line_1_11' title="bbox 312 2358 1440 2437; baseline 0.004 -20"><span class='ocrx_word' id='word_1_66' title='bbox 312 2358 431 2419; x_wconf 83' lang='lat' dir='ltr'>metriae</span> <span class='ocrx_word' id='word_1_67' title='bbox 459 2359 619 2434; x_wconf 74' lang='lat' dir='ltr'>composuit</span> <span class='ocrx_word' id='word_1_68' title='bbox 641 2362 671 2419; x_wconf 89' lang='lat' dir='ltr'>et</span> <span class='ocrx_word' id='word_1_69' title='bbox 693 2360 898 2435; x_wconf 81' lang='lat' dir='ltr'>praetitulauit</span> <span class='ocrx_word' id='word_1_70' title='bbox 927 2375 992 2422; x_wconf 87' lang='lat' dir='ltr'>eum</span> <span class='ocrx_word' id='word_1_71' title='bbox 1020 2361 1154 2437; x_wconf 81' lang='lat' dir='ltr'>paschali</span> <span class='ocrx_word' id='word_1_72' title='bbox 1175 2362 1311 2437; x_wconf 79' lang='lat' dir='ltr'>carmine,</span> <span class='ocrx_word' id='word_1_73' title='bbox 1342 2374 1440 2421; x_wconf 80' lang='lat' dir='ltr'>couse-</span> 
     </span>
     <span class='ocr_line' id='line_1_12' title="bbox 312 2462 1440 2541; baseline 0.001 -20"><span class='ocrx_word' id='word_1_74' title='bbox 312 2478 396 2521; x_wconf 84' lang='lat' dir='ltr'>orans</span> <span class='ocrx_word' id='word_1_75' title='bbox 417 2462 584 2522; x_wconf 78' lang='lat' dir='ltr'>Macedonio</span> <span class='ocrx_word' id='word_1_76' title='bbox 606 2462 783 2538; x_wconf 81' lang='lat' dir='ltr'>presbytero.</span> <span class='ocrx_word' id='word_1_77' title='bbox 811 2464 876 2524; x_wconf 83' lang='lat' dir='ltr'>Mos</span> <span class='ocrx_word' id='word_1_78' title='bbox 899 2466 976 2525; x_wconf 89' lang='lat' dir='ltr'>enim</span> <span class='ocrx_word' id='word_1_79' title='bbox 999 2464 1061 2525; x_wconf 88' lang='lat' dir='ltr'>erat</span> <span class='ocrx_word' id='word_1_80' title='bbox 1083 2465 1320 2541; x_wconf 65' lang='lat' dir='ltr'>apodationes,</span> <span class='ocrx_word' id='word_1_81' title='bbox 1345 2466 1378 2524; x_wconf 91' lang='lat' dir='ltr'>ut</span> <span class='ocrx_word' id='word_1_82' title='bbox 1392 2480 1440 2523; x_wconf 88' lang='lat' dir='ltr'>sua</span> 
     </span>
     <span class='ocr_line' id='line_1_13' title="bbox 313 2564 1439 2641; baseline 0 -16"><span class='ocrx_word' id='word_1_83' title='bbox 313 2564 423 2640; x_wconf 80' lang='lat' dir='ltr'>scripta</span> <span class='ocrx_word' id='word_1_84' title='bbox 453 2564 633 2638; x_wconf 77' lang='lat' dir='ltr'>sapientibus</span> <span class='ocrx_word' id='word_1_85' title='bbox 662 2568 692 2625; x_wconf 92' lang='lat' dir='ltr'>et</span> <span class='ocrx_word' id='word_1_86' title='bbox 720 2566 867 2627; x_wconf 90' lang='lat' dir='ltr'>nobilibus</span> <span class='ocrx_word' id='word_1_87' title='bbox 893 2566 1072 2641; x_wconf 64' lang='lat' dir='ltr'>auferrent,</span> <span class='ocrx_word' id='word_1_88' title='bbox 1095 2570 1128 2627; x_wconf 90' lang='lat' dir='ltr'>ut</span> <span class='ocrx_word' id='word_1_89' title='bbox 1150 2584 1249 2627; x_wconf 90' lang='lat' dir='ltr'>eorum</span> <span class='ocrx_word' id='word_1_90' title='bbox 1271 2567 1439 2627; x_wconf 79' lang='lat' dir='ltr'>auctoritate</span> 
     </span>
    </p>

    <p class='ocr_par' dir='ltr' id='par_1_5' title="bbox 168 2668 1469 2747">
     <span class='ocr_line' id='line_1_14' title="bbox 168 2668 1469 2747; baseline 0.002 -21"><span class='ocrx_word' id='word_1_91' title='bbox 168 2702 171 2708; x_wconf 91' lang='lat'><em>·</em></span> <span class='ocrx_word' id='word_1_92' title='bbox 254 2736 260 2747; x_wconf 45' lang='grc'>,</span> <span class='ocrx_word' id='word_1_93' title='bbox 310 2668 515 2729; x_wconf 73' lang='lat' dir='ltr'>roborarentur</span> <span class='ocrx_word' id='word_1_94' title='bbox 543 2670 573 2729; x_wconf 88' lang='lat' dir='ltr'>et</span> <span class='ocrx_word' id='word_1_95' title='bbox 601 2669 638 2728; x_wconf 88' lang='lat' dir='ltr'>ab</span> <span class='ocrx_word' id='word_1_96' title='bbox 674 2670 795 2729; x_wconf 89' lang='lat' dir='ltr'>aemulis</span> <span class='ocrx_word' id='word_1_97' title='bbox 829 2670 1022 2735; x_wconf 88' lang='lat' dir='ltr'>saluarentur.</span> <span class='ocrx_word' id='word_1_98' title='bbox 1060 2671 1165 2731; x_wconf 82' lang='lat' dir='ltr'>Doouit</span> <span class='ocrx_word' id='word_1_99' title='bbox 1187 2671 1284 2730; x_wconf 89' lang='lat' dir='ltr'>autem</span> <span class='ocrx_word' id='word_1_100' title='bbox 1306 2670 1340 2729; x_wconf 90' lang='lat' dir='ltr'>in</span> <span class='ocrx_word' id='word_1_101' title='bbox 1362 2669 1439 2743; x_wconf 83' lang='lat' dir='ltr'>Asia,</span> <span class='ocrx_word' id='word_1_102' title='bbox 1447 2691 1469 2730; x_wconf 80' lang='lat' dir='ltr'>ro</span> 
     </span>
    </p>

    <p class='ocr_par' dir='ltr' id='par_1_6' title="bbox 210 2735 1467 3385">
     <span class='ocr_line' id='line_1_15' title="bbox 210 2735 1439 2847; baseline 0.002 -17"><span class='ocrx_word' id='word_1_103' title='bbox 210 2735 297 2839; x_wconf 46' lang='grc' dir='ltr'>»Ἢ</span> <span class='ocrx_word' id='word_1_104' title='bbox 310 2771 419 2845; x_wconf 83' lang='lat' dir='ltr'>partim</span> <span class='ocrx_word' id='word_1_105' title='bbox 440 2771 472 2831; x_wconf 92' lang='lat' dir='ltr'>iu</span> <span class='ocrx_word' id='word_1_106' title='bbox 486 2771 581 2831; x_wconf 85' lang='lat' dir='ltr'>Italia.</span> <span class='ocrx_word' id='word_1_107' title='bbox 616 2772 701 2833; x_wconf 84' lang='lat' dir='ltr'>Modo</span> <span class='ocrx_word' id='word_1_108' title='bbox 723 2772 795 2835; x_wconf 86' lang='lat' dir='ltr'>iaoit</span> <span class='ocrx_word' id='word_1_109' title='bbox 817 2774 967 2847; x_wconf 82' lang='lat' dir='ltr'>epistolam</span> <span class='ocrx_word' id='word_1_110' title='bbox 982 2776 1019 2835; x_wconf 87' lang='lat' dir='ltr'>ad</span> <span class='ocrx_word' id='word_1_111' title='bbox 1035 2775 1243 2835; x_wconf 78' lang='lat' dir='ltr'>Macedonium.</span> <span class='ocrx_word' id='word_1_112' title='bbox 1281 2770 1439 2835; x_wconf 86' lang='lat' dir='ltr'>De&#39;ourso</span> 
     </span>
     <span class='ocr_line' id='line_1_16' title="bbox 311 2874 1438 2953; baseline 0.004 -18"><span class='ocrx_word' id='word_1_113' title='bbox 311 2876 339 2935; x_wconf 89' lang='lat' dir='ltr'>·i·</span> <span class='ocrx_word' id='word_1_114' title='bbox 360 2875 453 2948; x_wconf 87' lang='lat' dir='ltr'>finito,</span> <span class='ocrx_word' id='word_1_115' title='bbox 477 2874 664 2950; x_wconf 79' lang='lat' dir='ltr'>participium</span> <span class='ocrx_word' id='word_1_116' title='bbox 683 2879 730 2935; x_wconf 89' lang='lat' dir='ltr'>est</span> <span class='ocrx_word' id='word_1_117' title='bbox 752 2875 814 2936; x_wconf 90' lang='lat' dir='ltr'>sine</span> <span class='ocrx_word' id='word_1_118' title='bbox 832 2877 914 2937; x_wconf 90' lang='lat' dir='ltr'>uerbi</span> <span class='ocrx_word' id='word_1_119' title='bbox 930 2879 1053 2953; x_wconf 84' lang='lat' dir='ltr'>origine.</span> <span class='ocrx_word' id='word_1_120' title='bbox 1090 2877 1249 2937; x_wconf 78' lang='lat' dir='ltr'>Genseas</span> <span class='ocrx_word' id='word_1_121' title='bbox 1272 2876 1300 2935; x_wconf 91' lang='lat' dir='ltr'>·i·</span> <span class='ocrx_word' id='word_1_122' title='bbox 1323 2876 1438 2939; x_wconf 81' lang='lat' dir='ltr'>iudices.</span> 
     </span>
     <span class='ocr_line' id='line_1_17' title="bbox 310 2978 1437 3056; baseline 0.002 -20"><span class='ocrx_word' id='word_1_123' title='bbox 310 2978 540 3038; x_wconf 78' lang='lat' dir='ltr'>seueritatis</span> <span class='ocrx_word' id='word_1_124' title='bbox 562 2980 590 3038; x_wconf 91' lang='lat' dir='ltr'>·i·</span> <span class='ocrx_word' id='word_1_125' title='bbox 619 2979 815 3053; x_wconf 81' lang='lat' dir='ltr'>grauiditatis.</span> <span class='ocrx_word' id='word_1_126' title='bbox 855 2981 1040 3054; x_wconf 84' lang='lat' dir='ltr'>Obiurges</span> <span class='ocrx_word' id='word_1_127' title='bbox 1062 2982 1089 3039; x_wconf 82' lang='lat' dir='ltr'>·i·</span> <span class='ocrx_word' id='word_1_128' title='bbox 1112 2980 1320 3056; x_wconf 85' lang='lat' dir='ltr'>reprehendas.</span> <span class='ocrx_word' id='word_1_129' title='bbox 1360 2978 1437 3039; x_wconf 83' lang='lat' dir='ltr'>Suf-</span> 
     </span>
     <span class='ocr_line' id='line_1_18' title="bbox 309 3080 1437 3153; baseline 0.001 -13"><span class='ocrx_word' id='word_1_130' title='bbox 309 3080 434 3142; x_wconf 87' lang='lat' dir='ltr'>fultus</span> <span class='ocrx_word' id='word_1_131' title='bbox 456 3081 483 3141; x_wconf 87' lang='lat' dir='ltr'>·i·</span> <span class='ocrx_word' id='word_1_132' title='bbox 505 3082 634 3153; x_wconf 87' lang='lat' dir='ltr'>adiutus,</span> <span class='ocrx_word' id='word_1_133' title='bbox 658 3082 747 3144; x_wconf 89' lang='lat' dir='ltr'>fuloio</span> <span class='ocrx_word' id='word_1_134' title='bbox 770 3086 816 3143; x_wconf 90' lang='lat' dir='ltr'>est</span> <span class='ocrx_word' id='word_1_135' title='bbox 840 3084 944 3145; x_wconf 83' lang='lat' dir='ltr'>adiuuo</span> <span class='ocrx_word' id='word_1_136' title='bbox 966 3083 1033 3145; x_wconf 88' lang='lat' dir='ltr'>inde</span> <span class='ocrx_word' id='word_1_137' title='bbox 1055 3084 1144 3144; x_wconf 84' lang='lat' dir='ltr'>fultor</span> <span class='ocrx_word' id='word_1_138' title='bbox 1168 3084 1275 3143; x_wconf 86' lang='lat' dir='ltr'>dieitur</span> <span class='ocrx_word' id='word_1_139' title='bbox 1299 3083 1336 3143; x_wconf 86' lang='lat' dir='ltr'>ab</span> <span class='ocrx_word' id='word_1_140' title='bbox 1359 3081 1437 3142; x_wconf 83' lang='lat' dir='ltr'>adiu·</span> 
     </span>
     <span class='ocr_line' id='line_1_19' title="bbox 310 3174 1467 3261; baseline 0.003 -18"><span class='ocrx_word' id='word_1_141' title='bbox 310 3184 415 3246; x_wconf 86' lang='lat' dir='ltr'>uando.</span> <span class='ocrx_word' id='word_1_142' title='bbox 459 3174 663 3246; x_wconf 80' lang='lat' dir='ltr'>Paschalis</span> <span class='ocrx_word' id='word_1_143' title='bbox 697 3186 726 3245; x_wconf 79' lang='lat' dir='ltr'>·i·</span> <span class='ocrx_word' id='word_1_144' title='bbox 760 3186 957 3261; x_wconf 79' lang='lat' dir='ltr'>euaugeiioae.</span> <span class='ocrx_word' id='word_1_145' title='bbox 1009 3187 1228 3247; x_wconf 77' lang='lat' dir='ltr'>Maiestatis</span> <span class='ocrx_word' id='word_1_146' title='bbox 1262 3188 1290 3247; x_wconf 87' lang='lat' dir='ltr'>·i·</span> <span class='ocrx_word' id='word_1_147' title='bbox 1324 3183 1467 3257; x_wconf 72' lang='lat' dir='ltr'>christia</span> 
     </span>
     <span class='ocr_line' id='line_1_20' title="bbox 309 3287 1436 3385; baseline 0.002 -40"><span class='ocrx_word' id='word_1_148' title='bbox 309 3287 386 3346; x_wconf 91' lang='lat' dir='ltr'>siout</span> <span class='ocrx_word' id='word_1_149' title='bbox 429 3288 576 3364; x_wconf 87' lang='lat' dir='ltr'>apostolus</span> <span class='ocrx_word' id='word_1_150' title='bbox 624 3289 680 3349; x_wconf 82' lang='lat' dir='ltr'>ait:</span> <span class='ocrx_word' id='word_1_151' title='bbox 724 3290 839 3350; x_wconf 83' lang='lat' dir='ltr'>Pascha</span> <span class='ocrx_word' id='word_1_152' title='bbox 881 3292 1011 3385; x_wconf 66' lang='lat' dir='ltr'>nostrum</span> <span class='ocrx_word' id='word_1_153' title='bbox 1055 3290 1219 3351; x_wconf 88' lang='lat' dir='ltr'>immolatus</span> <span class='ocrx_word' id='word_1_154' title='bbox 1268 3292 1314 3351; x_wconf 88' lang='lat' dir='ltr'>est</span> <span class='ocrx_word' id='word_1_155' title='bbox 1359 3288 1436 3347; x_wconf 74' lang='lat' dir='ltr'>chri·</span> 
     </span>
    </p>
   </div>
   <div class='ocr_carea' id='block_1_5' title="bbox 414 3467 699 3536">
    <p class='ocr_par' dir='ltr' id='par_1_7' title="bbox 414 3467 699 3536">
     <span class='ocr_line' id='line_1_21' title="bbox 414 3467 699 3536; baseline 0.011 -15"><span class='ocrx_word' id='word_1_156' title='bbox 414 3468 446 3521; x_wconf 86' lang='grc'>16</span> <span class='ocrx_word' id='word_1_157' title='bbox 463 3468 479 3523; x_wconf 96' lang='grc' dir='ltr'>Ι</span> <span class='ocrx_word' id='word_1_158' title='bbox 496 3467 620 3523; x_wconf 85' lang='lat' dir='ltr'>Corinth.</span> <span class='ocrx_word' id='word_1_159' title='bbox 638 3471 663 3536; x_wconf 82' lang='lat'>5,</span> <span class='ocrx_word' id='word_1_160' title='bbox 683 3470 699 3523; x_wconf 78' lang='lat'><strong>7</strong></span> 
     </span>
    </p>
   </div>
   <div class='ocr_carea' id='block_1_6' title="bbox 411 3640 1247 3797">
    <p class='ocr_par' dir='ltr' id='par_1_8' title="bbox 411 3640 1247 3797">
     <span class='ocr_line' id='line_1_22' title="bbox 411 3640 1186 3713; baseline 0.006 -21"><span class='ocrx_word' id='word_1_161' title='bbox 411 3640 437 3692; x_wconf 79' lang='lat' dir='ltr'><strong><em>A</em></strong></span> <span class='ocrx_word' id='word_1_162' title='bbox 455 3660 491 3686; x_wconf 93' lang='lat'><em>=</em></span> <span class='ocrx_word' id='word_1_163' title='bbox 507 3640 565 3693; x_wconf 72' lang='lat' dir='ltr'>oeci.</span> <span class='ocrx_word' id='word_1_164' title='bbox 584 3640 763 3696; x_wconf 75' lang='lat' dir='ltr'>Monacensis</span> <span class='ocrx_word' id='word_1_165' title='bbox 780 3642 825 3709; x_wconf 88' lang='lat' dir='ltr'>(oi.</span> <span class='ocrx_word' id='word_1_166' title='bbox 846 3641 984 3713; x_wconf 70' lang='lat' dir='ltr'>Tenesne.)</span> <span class='ocrx_word' id='word_1_167' title='bbox 1002 3644 1092 3697; x_wconf 76' lang='grc'><strong><em>19456</em></strong></span> <span class='ocrx_word' id='word_1_168' title='bbox 1109 3657 1131 3697; x_wconf 83' lang='lat' dir='ltr'>s.</span> <span class='ocrx_word' id='word_1_169' title='bbox 1149 3642 1186 3697; x_wconf 81' lang='lat' dir='ltr'>X.</span> 
     </span>
     <span class='ocr_line' id='line_1_23' title="bbox 412 3724 1247 3797; baseline 0.002 -19"><span class='ocrx_word' id='word_1_170' title='bbox 412 3724 440 3779; x_wconf 89' lang='lat' dir='ltr'><em>B</em></span> <span class='ocrx_word' id='word_1_171' title='bbox 456 3746 493 3771; x_wconf 91' lang='lat'><em>=</em></span> <span class='ocrx_word' id='word_1_172' title='bbox 509 3724 566 3779; x_wconf 68' lang='lat' dir='ltr'>cort,</span> <span class='ocrx_word' id='word_1_173' title='bbox 584 3725 763 3781; x_wconf 79' lang='lat' dir='ltr'>Monacensis</span> <span class='ocrx_word' id='word_1_174' title='bbox 780 3728 827 3796; x_wconf 86' lang='lat' dir='ltr'>(oi.</span> <span class='ocrx_word' id='word_1_175' title='bbox 849 3726 1021 3797; x_wconf 75' lang='lat' dir='ltr'>Windbanq.)</span> <span class='ocrx_word' id='word_1_176' title='bbox 1040 3728 1135 3783; x_wconf 73' lang='lat'><strong><em>22307</em></strong></span> <span class='ocrx_word' id='word_1_177' title='bbox 1151 3743 1173 3783; x_wconf 83' lang='lat' dir='ltr'>a.</span> <span class='ocrx_word' id='word_1_178' title='bbox 1191 3727 1247 3781; x_wconf 84' lang='grc' dir='ltr'>ΧΙ.</span> 
     </span>
    </p>
   </div>
   <div class='ocr_carea' id='block_1_7' title="bbox 305 3900 1437 4142">
    <p class='ocr_par' dir='ltr' id='par_1_9' title="bbox 305 3900 1437 4142">
     <span class='ocr_line' id='line_1_24' title="bbox 358 3900 1436 3965; baseline 0.004 -16"><span class='ocrx_word' id='word_1_179' title='bbox 358 3910 468 3950; x_wconf 73' lang='lat' dir='ltr'>inorme</span> <span class='ocrx_word' id='word_1_180' title='bbox 486 3911 635 3951; x_wconf 70' lang='lat' dir='ltr'>meusium</span> <span class='ocrx_word' id='word_1_181' title='bbox 652 3910 770 3951; x_wconf 71' lang='lat' dir='ltr'>aaaron</span> <span class='ocrx_word' id='word_1_182' title='bbox 787 3912 822 3952; x_wconf 80' lang='lat' dir='ltr'>1u</span> <span class='ocrx_word' id='word_1_183' title='bbox 839 3911 910 3953; x_wconf 78' lang='lat' dir='ltr'>oeus</span> <span class='ocrx_word' id='word_1_184' title='bbox 928 3912 1067 3953; x_wconf 69' lang='lat' dir='ltr'>annuntie</span> <span class='ocrx_word' id='word_1_185' title='bbox 1086 3912 1240 3955; x_wconf 73' lang='lat' dir='ltr'>essemus</span> <span class='ocrx_word' id='word_1_186' title='bbox 1258 3900 1300 3965; x_wconf 76' lang='lat' dir='ltr'>A,</span> <span class='ocrx_word' id='word_1_187' title='bbox 1331 3910 1436 3955; x_wconf 71' lang='lat' dir='ltr'>naemu</span> 
     </span>
     <span class='ocr_line' id='line_1_25' title="bbox 305 3983 1436 4054; baseline 0.002 -18"><span class='ocrx_word' id='word_1_188' title='bbox 305 3996 396 4037; x_wconf 76' lang='lat' dir='ltr'>ouosn</span> <span class='ocrx_word' id='word_1_189' title='bbox 418 3997 509 4038; x_wconf 78' lang='lat' dir='ltr'>surus</span> <span class='ocrx_word' id='word_1_190' title='bbox 532 3998 675 4039; x_wconf 72' lang='lat' dir='ltr'>saevarum</span> <span class='ocrx_word' id='word_1_191' title='bbox 700 3984 740 4049; x_wconf 89' lang='lat' dir='ltr'>B;</span> <span class='ocrx_word' id='word_1_192' title='bbox 767 3983 803 4049; x_wconf 79' lang='lat' dir='ltr'>af.</span> <span class='ocrx_word' id='word_1_193' title='bbox 827 3984 905 4039; x_wconf 79' lang='lat' dir='ltr'>Prot.</span> <span class='ocrx_word' id='word_1_194' title='bbox 1015 3986 1032 4039; x_wconf 82' lang='lat'>5</span> <span class='ocrx_word' id='word_1_195' title='bbox 1055 3984 1216 4054; x_wconf 83' lang='lat' dir='ltr'>dyrooheum</span> <span class='ocrx_word' id='word_1_196' title='bbox 1240 3987 1269 4042; x_wconf 81' lang='grc' dir='ltr'><strong><em>Α</em></strong></span> <span class='ocrx_word' id='word_1_197' title='bbox 1290 3986 1325 4053; x_wconf 75' lang='lat' dir='ltr'>of.</span> <span class='ocrx_word' id='word_1_198' title='bbox 1350 3985 1436 4040; x_wconf 73' lang='lat' dir='ltr'>Pana.</span> 
     </span>
     <span class='ocr_line' id='line_1_26' title="bbox 306 4066 1437 4142; baseline 0.004 -21"><span class='ocrx_word' id='word_1_199' title='bbox 306 4066 379 4124; x_wconf 67' lang='lat' dir='ltr'>Dan.</span> <span class='ocrx_word' id='word_1_200' title='bbox 398 4068 420 4123; x_wconf 88' lang='grc' dir='ltr'><em>Ι</em></span> <span class='ocrx_word' id='word_1_201' title='bbox 439 4068 491 4134; x_wconf 80' lang='lat' dir='ltr'>(ed.</span> <span class='ocrx_word' id='word_1_202' title='bbox 514 4068 636 4133; x_wconf 56' lang='lat' dir='ltr'>messal)</span> <span class='ocrx_word' id='word_1_203' title='bbox 740 4069 769 4123; x_wconf 88' lang='lat' dir='ltr'>id</span> <span class='ocrx_word' id='word_1_204' title='bbox 793 4071 835 4123; x_wconf 86' lang='lat' dir='ltr'>est</span> <span class='ocrx_word' id='word_1_205' title='bbox 858 4070 898 4137; x_wconf 76' lang='lat' dir='ltr'>A,</span> <span class='ocrx_word' id='word_1_206' title='bbox 935 4070 1161 4142; x_wconf 79' lang='lat' dir='ltr'>·i·B(1anaen&#39;ne)</span> <span class='ocrx_word' id='word_1_207' title='bbox 1266 4071 1376 4141; x_wconf 78' lang='lat' dir='ltr'>unod</span> <span class='ocrx_word' id='word_1_208' title='bbox 1400 4070 1437 4125; x_wconf 74' lang='grc' dir='ltr'>Αι</span> 
     </span>
    </p>
   </div>
   <div class='ocr_carea' id='block_1_8' title="bbox 305 4155 1436 4392">
    <p class='ocr_par' dir='ltr' id='par_1_10' title="bbox 305 4155 1436 4392">
     <span class='ocr_line' id='line_1_27' title="bbox 305 4155 1436 4261; baseline 0.002 -18"><span class='ocrx_word' id='word_1_209' title='bbox 305 4204 378 4245; x_wconf 83' lang='lat' dir='ltr'>corr.</span> <span class='ocrx_word' id='word_1_210' title='bbox 396 4191 468 4243; x_wconf 80' lang='lat' dir='ltr'>m.2</span> <span class='ocrx_word' id='word_1_211' title='bbox 573 4187 638 4242; x_wconf 73' lang='lat' dir='ltr'>teu</span> <span class='ocrx_word' id='word_1_212' title='bbox 655 4188 684 4243; x_wconf 90' lang='lat' dir='ltr'><em>B</em></span> <span class='ocrx_word' id='word_1_213' title='bbox 790 4189 821 4243; x_wconf 80' lang='lat'>12</span> <span class='ocrx_word' id='word_1_214' title='bbox 842 4190 866 4243; x_wconf 93' lang='lat' dir='ltr'>·i·</span> <span class='ocrx_word' id='word_1_215' title='bbox 885 4189 950 4245; x_wconf 78' lang='lat' dir='ltr'>add.</span> <span class='ocrx_word' id='word_1_216' title='bbox 969 4191 1016 4255; x_wconf 70' lang='lat' dir='ltr'>A&#39;,</span> <span class='ocrx_word' id='word_1_217' title='bbox 1047 4206 1098 4247; x_wconf 85' lang='lat' dir='ltr'>om.</span> <span class='ocrx_word' id='word_1_218' title='bbox 1115 4192 1143 4247; x_wconf 89' lang='lat' dir='ltr'><em>B</em></span> <span class='ocrx_word' id='word_1_219' title='bbox 1243 4193 1276 4247; x_wconf 84' lang='lat'>13</span> <span class='ocrx_word' id='word_1_220' title='bbox 1294 4155 1436 4261; x_wconf 56' lang='lat' dir='ltr'>grauiintis</span> 
     </span>
     <span class='ocr_line' id='line_1_28' title="bbox 305 4280 821 4392; baseline 0.004 -31"><span class='ocrx_word' id='word_1_221' title='bbox 305 4309 336 4362; x_wconf 81' lang='lat' dir='ltr'><strong><em>A</em></strong></span> <span class='ocrx_word' id='word_1_222' title='bbox 440 4308 473 4361; x_wconf 82' lang='lat'>14</span> <span class='ocrx_word' id='word_1_223' title='bbox 493 4280 591 4392; x_wconf 66' lang='lat' dir='ltr'>aduiuo</span> <span class='ocrx_word' id='word_1_224' title='bbox 611 4311 640 4375; x_wconf 83' lang='lat' dir='ltr'>(u</span> <span class='ocrx_word' id='word_1_225' title='bbox 658 4326 676 4363; x_wconf 86' lang='lat' dir='ltr'>a</span> <span class='ocrx_word' id='word_1_226' title='bbox 693 4325 727 4363; x_wconf 86' lang='lat' dir='ltr'>m.</span> <span class='ocrx_word' id='word_1_227' title='bbox 746 4312 775 4375; x_wconf 80' lang='lat'>2)</span> <span class='ocrx_word' id='word_1_228' title='bbox 794 4310 821 4363; x_wconf 82' lang='lat' dir='ltr'><strong><em>A</em></strong></span> 
     </span>
    </p>
   </div>
   <div class='ocr_carea' id='block_1_9' title="bbox 0 0 1582 5028">
    <p class='ocr_par' dir='ltr' id='par_1_11' title="bbox 0 0 1582 5028">
     <span class='ocr_line' id='line_1_29' title="bbox 0 0 1582 5028; baseline 0 0"><span class='ocrx_word' id='word_1_229' title='bbox 0 0 1582 5028; x_wconf 95' lang='lat' dir='ltr'> </span> 
     </span>
    </p>
   </div>
  </div>
 </body>
</html>
