3142 5034
290 417 355 484 332
765 420 947 488 Appendir.

291 613 377 684 eligo.
412 612 456 670 Ab
479 611 532 670 hoc
555 613 615 671 loco
638 612 741 684 incipit
762 615 848 685 poeta
878 615 979 688 exequi
1006 617 1081 689 quod
1104 617 1245 690 promisit.
1284 619 1425 678 Promisit

293 715 369 773 enim
393 731 424 774 se
447 715 620 790 scripturum
644 717 680 774 ab
702 716 795 776 Adam
821 733 912 791 usque
936 721 971 777 ad
994 720 1176 779 natiuitatem
1200 721 1318 781 Christi.

657 968 719 1053 IN
752 969 976 1054 LIBRVM
1009 971 1055 1054 Π.
1151 1099 1153 1107 y

184 1199 205 1228 v.
221 1188 283 1228 1-52
336 1162 631 1236 Primogenitum
669 1163 696 1221 ·i·
739 1164 961 1239 protoplastum.
1012 1165 1114 1224 Protos
1159 1180 1259 1238 graece
1303 1163 1425 1237 primns,

293 1269 406 1340 plastus
442 1267 594 1338 formatus,
632 1265 702 1324 inde
737 1267 935 1340 protoplastus
970 1269 997 1326 ·i·
1031 1268 1141 1342 primus
1181 1267 1331 1326 formatus,
1375 1267 1461 1326 Des

189 1354 192 1365 ¹
293 1370 379 1431 sede
412 1370 439 1428 ·i·
473 1371 508 1428 de
541 1367 693 1445 paradyso.
742 1369 911 1444 Paradysus
944 1369 1155 1444 interpretatur
1189 1371 1289 1429 hortus
1325 1370 1425 1429 delici-

292 1491 382 1545 arum,
427 1472 519 1530 Adam
562 1473 695 1530 terrenus
738 1472 822 1531 homo
866 1471 913 1531 uel
959 1475 1038 1532 terra
1075 1474 1173 1534 rubra.
1218 1473 1426 1532 Illecebris

292 1575 320 1633 ·i·
343 1575 552 1647 uoluptatibus.
590 1573 751 1634 Illecebrae
786 1576 920 1633 dicuntur
957 1577 992 1634 ab
1025 1575 1171 1636 illiciendo
1194 1575 1219 1632 ·i·
1243 1575 1425 1650 decipiendo.

291 1680 379 1738 Heu.
416 1677 501 1736 Dolet
523 1678 609 1752 poeta
627 1679 662 1737 de
678 1679 764 1751 culpa
778 1677 919 1738 mulieris.
958 1678 1077 1738 Noxia
1099 1679 1261 1754 culpabilis.
1293 1681 1426 1738 Interro-

293 1781 439 1855 gationem
461 1780 532 1839 facit
560 1783 596 1840 ad
626 1782 785 1841 mulierem.
832 1782 854 1840 Ο
878 1783 1050 1855 coniunx,
1078 1782 1198 1842 fuistine
1221 1783 1315 1857 magis
1339 1783 1460 1842 noxiam

294 1902 332 1944 an
361 1884 487 1959 perfidus
516 1883 566 1943 ille
598 1885 705 1946 draco?
728 1887 813 1946 Modo
836 1886 898 1960 ipse
929 1887 985 1945 sibi
1013 1886 1185 1962 respondet:
1215 1886 1346 1963 Perfidus
1376 1876 1431 1944 ille'

293 1987 381 2046 draco
405 1987 431 2045 ·i·
455 1987 667 2059 fraudulentus,
691 1988 740 2046 sed
764 1989 797 2047 tu
819 2006 929 2063 quoque
958 2007 1017 2049 non
1039 2007 1120 2050 cares
1144 1989 1237 2063 culpa,
1262 1989 1332 2062 quia
1356 2007 1427 2048 con·

294 2090 423 2149 sensisti.
461 2091 516 2149 Est
543 2092 638 2149 autem
669 2091 723 2148 hoc
753 2091 816 2150 loco
845 2091 1033 2165 syllogismus
1066 2093 1191 2164 integer,
1227 2096 1365 2151 constans
1393 2109 1428 2150 ex

293 2193 497 2268 propositione,
529 2195 733 2266 assumptione,
764 2193 959 2256 conclusione.
1005 2195 1183 2255 Perfidus
1215 2195 1320 2254 dicitur
1344 2195 1429 2268 quasi

293 2296 417 2369 prodens
447 2296 541 2367 fidem,
570 2297 666 2370 perdit
695 2298 771 2356 eninr
802 2297 932 2358 diabolus
961 2298 1055 2371 fidem,
1087 2299 1200 2371 quando
1232 2298 1321 2356 dixit:
1346 2297 1429 2356 eritis
1439 2320 1460 2358 15

294 2399 369 2470 sicut
398 2399 447 2459 dii.
484 2401 550 2459 Non
579 2400 655 2475 enim
683 2402 758 2474 quod
787 2400 919 2474 promisit
941 2401 1075 2474 impleuit,
1099 2387 1168 2476 quia
1190 2420 1247 2460 non
1271 2401 1365 2459 solum
1388 2400 1429 2459 dii

293 2503 364 2562 iacti
386 2520 443 2562 non
467 2504 544 2577 sunt,
569 2505 619 2564 sed
643 2505 729 2563 etiam
754 2503 893 2564 mortales
909 2504 1035 2564 fuerunt.
1080 2504 1216 2564 Damon
1233 2503 1327 2562 dictus
1343 2503 1429 2576 quasi

294 2606 407 2666 daimon
431 2606 458 2664 ·i·
481 2605 577 2665 ualde.
616 2607 788 2666 Euamater
804 2607 1024 2681 interpretatur.
1069 2607 1302 2679 Nongentos.
1336 2606 1429 2673 Adam

293 2709 368 2767 uixit
396 2709 550 2782 nongentis
579 2711 656 2768 XXX
682 2712 779 2787 annis,
808 2710 980 2768 Matusalam
1004 2709 1207 2769 Docenxxx.
1251 2711 1376 2783 Nepos
1398 2709 1428 2767 ·i·

294 2814 378 2886 primi
401 2814 564 2887 terrigenae
587 2814 615 2870 i·
637 2815 745 2888 posteri
768 2814 858 2874 Adae.
896 2813 1038 2872 Fauces
1057 2813 1189 2873 dicuntur
1207 2829 1344 2886 agraeco
1360 2812 1459 2884 fageae

296 2919 322 2976 ·i·
346 2918 501 2978 comedere.
547 2917 742 2976 Difficilis
765 2917 792 2974 i·
816 2918 925 2988 tardus,
954 2917 1022 2990 qnia
1053 2934 1110 2975 non
1140 2933 1254 2991 semper
1288 2915 1425 2975 uindicat.

295 3020 454 3080 Veniale
484 3023 510 3078 .i.
539 3021 657 3094 dignum
686 3020 781 3080 uenia.
828 3021 905 3078 Duas
933 3022 1050 3080 naturas
1085 3019 1270 3080 rationabiles
1300 3018 1426 3078 condidit

296 3125 380 3183 deus:
405 3124 536 3197 angelum
560 3125 589 3183 et
612 3124 764 3196 hominem,
789 3141 909 3198 qnorum
924 3141 1000 3182 unus
1016 3125 1095 3183 nullo
1112 3125 1250 3182 suadente
1266 3139 1320 3182 nec
1335 3122 1425 3194 fragi-

296 3226 379 3285 litate
408 3228 533 3300 corporis
562 3227 754 3286 circumdatus
782 3227 925 3300 peccauit,
959 3225 1024 3285 ideo
1058 3225 1289 3286 inrecurabiliter
1323 3225 1425 3299 periit;

296 3329 379 3388 homo
401 3345 479 3404 uero,
511 3329 579 3403 quia
600 3329 718 3403 fragilis
741 3330 804 3387 erat
827 3345 945 3402 corpore
968 3331 997 3387 et
1019 3328 1134 3389 diabolo
1158 3329 1299 3388 suadente
1324 3320 1458 3402 pecca-rs

297 3431 350 3502 uit,
388 3431 451 3490 ideo
486 3433 600 3492 ueniam
638 3433 752 3491 meruit.
798 3431 941 3492 Tonsos
980 3433 1006 3491 ·i·
1044 3433 1181 3506 grauidos
1214 3435 1243 3490 et
1281 3433 1424 3490 oneratos

296 3532 345 3595 De
379 3534 505 3593 limine
534 3535 562 3593 ·i·
590 3536 627 3595 de
654 3535 806 3610 principio,
831 3535 866 3594 de
889 3536 1030 3609 ingressu.
1077 3537 1168 3596 Oaro
1198 3535 1353 3606 factum,
1382 3535 1426 3591 est

242 3634 245 3641 '
298 3640 393 3698 antem
417 3634 594 3715 synecdoche
617 3640 644 3698 ·i·
667 3658 685 3698 a
707 3642 791 3715 parte
812 3641 915 3699 totum.
953 3639 1045 3698 Homo
1073 3641 1148 3699 enim
1172 3655 1259 3698 carne
1282 3639 1312 3696 et
1334 3636 1426 3694 anima

296 3742 418 3802 constat.
464 3741 598 3802 Clausa
621 3743 647 3800 ·i·
671 3743 813 3816 uirginem
841 3741 1017 3817 relinquens
1063 3742 1154 3800 Prae
1182 3741 1285 3800 uatis
1308 3741 1334 3798 ·i·
1358 3755 1425 3812 prae

295 3844 373 3922 filiis,
397 3846 451 3904 hoc
481 3845 515 3905 de
537 3845 648 3918 psalmo
676 3846 808 3922 sumpsit,
838 3845 889 3904 ubi
915 3846 1037 3918 legitur:
1068 3843 1219 3919 Speciosus
1243 3844 1336 3903 forma
1358 3857 1457 3916 praeeo

398 4013 434 4067 30
455 4012 555 4068 Psalm.
572 4012 615 4078 44,
633 4013 650 4066 3

349 4171 484 4224 lterram
496 4169 605 4223 rubram
618 4169 646 4222 A
733 4169 766 4222 13
784 4168 926 4238 sillogism’
941 4169 968 4222 A
1055 4169 1089 4223 18
1106 4132 1217 4223 ration
1303 4167 1338 4221 20
1355 4167 1425 4237 fage]

296 4273 332 4337 cs.
342 4275 501 4340 pernae
591 4274 625 4328 21
643 4261 777 4327 comedere
794 4274 822 4326 A
915 4273 950 4326 22
968 4245 1137 4327 rationabilis
1157 4274 1182 4341 (e
1199 4289 1218 4325 a
1234 4288 1269 4325 m.
1282 4273 1313 4337 2)
1331 4271 1358 4324 A

296 4358 331 4411 24
348 4357 566 4412 inreonbabiliter
583 4359 610 4412 A
