3142 5034
1213 391 1287 439 XLV

156 560 220 633 tur,
243 557 324 639 qnod
347 557 438 623 netas
461 557 621 640 catalogus
645 558 684 640 (s.
707 557 765 640 XI)
791 558 998 624 bibliothecae
1020 563 1059 627 de
1076 563 1145 645 Pny
1164 561 1286 644 profert

157 659 211 743 (of.
236 660 353 725 Delisle
370 660 391 726 l.
407 679 432 725 o.
448 680 478 744 p.
494 661 585 741 443):
604 660 663 728 ‘20
685 660 811 727 Deinde
833 667 1036 727 cornmentnm
1059 662 1183 730 Seduir'i
1197 664 1285 732 Beda

157 762 293 829 Catonis
314 761 388 829 111'.
427 765 472 830 At
497 764 609 831 haereo
631 769 737 830 utrum
762 766 802 831 ed
824 766 1002 849 Remigium
1024 767 1219 832 referendum
1240 767 1283 832 eit

131 869 253 931 'necne
276 870 356 948 qnod
378 868 494 952 legitur
515 871 547 934 in
575 869 714 951 catalogo
739 873 845 933 uetere
868 868 1072 934 bibliotheene
1093 868 1125 935 S.
1149 871 1284 936 Amendi

155 970 210 1054 (cf.
233 971 348 1036 Delislo
370 971 391 1036 l.
416 989 443 1036 c.
465 991 495 1055 p.
520 969 614 1053 452):
641 971 713 1037 ‘120
738 969 866 1038 Sennea·
890 970 1041 1054 paschale
1061 990 1190 1038 carmen
1210 991 1283 1040 cum
1388 1008 1393 1014 ·

153 1073 267 1157 plessis
288 1092 383 1156 snper
403 1071 499 1139 iden'
533 1076 565 1139 et
592 1075 623 1139 in
658 1075 799 1157 catalogo
831 1073 986 1140 librorum
1007 1075 1157 1142 Rriderici
1179 1077 1282 1142 erchi-

155 1177 292 1259 episcopi
329 1176 598 1261 Selisburgensiss·
628 1177 806 1260 piccarium
840 1194 936 1258 saper
971 1175 1138 1243 Sedniium
1173 1179 1284 1264 egloga

158 1280 210 1364 (cf.
245 1280 413 1346 Endlicher
445 1285 506 1346 cut.
540 1280 627 1345 codd.
661 1297 736 1344 mss.
764 1300 792 1363 p.
822 1279 907 1363 19'1).
944 1281 1075 1346 Prorsus
1106 1281 1231 1349 diuersa
1263 1303 1284 1350 e

155 1384 378 1451 commentario
401 1383 537 1467 Remigii
558 1383 633 1450 sunt
653 1382 785 1468 glossae,
808 1401 887 1466 qnne
909 1387 942 1450 in
963 1388 1065 1452 codice
1083 1385 1280 1453 Leudunensi

154 1487 218 1553 468
255 1507 280 1552 s.
317 1489 363 1554 IX
399 1489 535 1566 exstant,
579 1505 710 1570 querum
747 1487 905 1569 specimen
941 1507 960 1553 n
995 1487 1132 1554 Metheio
1169 1473 1280 1556 biblio·

154 1593 265 1658 thecae
300 1592 455 1674 prsetecto
492 1609 614 1657 mecum
652 1591 914 1655 communicatum
950 1591 1000 1656 hie
1036 1611 1188 1676 propono:
1225 1593 1281 1659 Ea

152 1695 287 1776 epistota
320 1693 445 1762 Sadniii
475 1693 605 1777 piossae.
649 1692 819 1772 Serenus,
852 1694 946 1776 qnasi
980 1712 1056 1759 sena
1091 1697 1213 1761 ueritas
1244 1697 1280 1762 id

153 1806 197 1865 est
240 1798 373 1864 duritia.
423 1796 691 1881 Praerogatinum
732 1797 768 1860 n
811 1801 855 1861 est
894 1797 1105 1881 priuilegium
1141 1801 1279 1881 proprio

152 1903 296 1987 dipnitas
337 1901 517 1984 beneficiam
560 1901 634 1964 airte
676 1900 832 1965 donatum
872 1899 1057 1964 excellentia
1095 1903 1278 1967 meritorum

152 2007 224 2071 lans
258 2005 368 2088 pratia
403 2003 502 2069 honor
536 2004 710 2070 aanoritas
746 2006 865 2084 optima
897 2004 1040 2072 seientia.
1086 2004 1278 2089 Pteropons

153 2110 238 2174 enim
280 2112 354 2173 onte
396 2107 596 2189 impendens,
634 2111 842 2189 prerogatum
882 2108 1065 2173 antnednro
1107 2109 1274 2190 benficiis.

151 2211 312 2294 affatus
333 2247 375 2260 —
396 2200 589 2276 sustentatus
623 2210 753 2274 adiutas
786 2230 808 2273 a
834 2210 992 2290 suffulcio.
1026 2212 1213 2277 Inmensum
1233 2249 1277 2261 -

151 2318 414 2382 innan-saraiam.
458 2315 599 2400 Peiapus
633 2316 863 2396 interpretatur
898 2314 1034 2380 latitudo
1067 2317 1170 2381 mans
1205 2318 1277 2382 sine

152 2419 252 2485 iitore.
291 2417 366 2482 Tiro
395 2422 482 2483 tener
508 2418 598 2484 miles
626 2417 745 2484 dicitnr
771 2419 828 2498 oni
855 2436 935 2482 nono
961 2422 1096 2500 tempore
1122 2419 1211 2484 nenit
1231 2421 1276 2485 ad

151 2522 304 2586 mititiam
325 2521 375 2586 nei
397 2521 568 2587 secundam
583 2519 748 2587 Isidorum
770 2522 832 2586 tiro
853 2520 946 2603 fortis
959 2522 1087 2587 dicitur.
1116 2522 1273 2588 Liuian-

151 2624 306 2691 nanionia
326 2628 357 2689 et
376 2624 496 2690 dicitnr
525 2627 619 2707 perosi
647 2624 724 2690 titus
749 2628 850 2689 terens
877 2624 929 2689 nei
950 2644 983 2688 eo
1005 2624 1089 2707 qnod
1116 2625 1277 2710 linquitur

151 2749 260 2793 manu.
294 2726 734 2793 Donatum-nonniniam
766 2726 818 2792 uei
850 2726 991 2793 inerter.
1029 2727 1219 2813 Naufragio
1232 2767 1277 2779 -

150 2833 285 2897 nauium
305 2832 478 2914 fractiones
499 2829 627 2897 hereses.
647 2867 689 2878 -
711 2829 839 2896 Glosese
859 2848 879 2894 e
900 2830 1037 2896 carmine
1058 2836 1218 2915 seperctne
1240 2837 1275 2898 in

151 2936 328 3016 exemplari,
358 2955 394 3000 ex
417 2952 476 3018 qno
500 2935 593 3000 codex
616 2934 687 2999 Vet.
711 2933 819 2999 Ottob.
844 2935 886 3000 35
907 2951 933 2997 s.
955 2934 985 2998 X
1010 2935 1061 3017 (ot.
1084 2954 1178 3019 supro
1200 2937 1272 3020 XX)

150 3039 252 3120 fluxit,
274 3039 369 3104 fuisse
387 3038 533 3104 uidentur
548 3040 599 3115 (oi.
618 3037 839 3106 Reifferscheid
853 3041 888 3103 B.
903 3039 939 3104 P.
955 3038 973 3104 1
988 3058 1019 3122 p.
1035 3039 1127 3118 595):
1150 3039 1275 3122 Incipit

148 3141 252 3225 plesse
266 3141 304 3206 de
321 3159 421 3224 prosa
436 3140 568 3209 Sedniii.
599 3140 758 3207 Dominus
772 3141 875 3206 dictas
889 3144 934 3205 est
947 3142 1028 3222 paon
1042 3140 1218 3208 dominetur
1231 3181 1273 3192 -

149 3245 274 3310 Beatus
287 3245 452 3328 opulentus
459 3249 582 3328 potens.
598 3245 775 3324 abundans,
792 3245 909 3327 relique
923 3244 957 3309 in
969 3243 1134 3312 Ottobieno
1150 3247 1272 3314 desunt.

150 3348 258 3432 Neque
273 3350 400 3432 glossae,
417 3368 495 3431 qnae
509 3351 543 3415 in
557 3349 736 3415 Monacensi
753 3348 859 3413 14420
878 3367 903 3412 s.
919 3349 982 3415 XII
997 3348 1020 3414 f.
1039 3349 1272 3434 1451eguntur‚

149 3472 220 3518 cnm
242 3455 378 3537 Remigii
413 3453 634 3519 commentario
670 3457 842 3537 congruunt
874 3472 973 3536 neque
1001 3471 1079 3534 quae
1108 3453 1140 3518 in
1170 3452 1273 3519 codice

149 3553 345 3621 Bruxellensi
377 3557 461 3624 5665
489 3575 512 3624 o.
535 3556 599 3622 XII
621 3556 642 3621 f.
667 3555 835 3622 182-185
869 3559 990 3622 exstant
1023 3555 1061 3619 ed
1095 3556 1272 3640 Remigium

149 3662 302 3744 pertinere
335 3660 482 3725 uidentur
511 3659 548 3726 cf.
573 3658 734 3726 Buiietins
761 3657 798 3723 de
827 3657 1009 3725 incudinie
1036 3657 1142 3744 ropaie
1163 3658 1270 3725 Bran.

149 3762 172 3825 t.
195 3764 234 3827 X.
255 3783 286 3845 p.
309 3763 326 3827 I
352 3783 382 3846 p.
405 3763 483 3830 368:
517 3763 688 3846 Incipiunt
716 3762 823 3847 piosae
854 3762 1113 3844 interpretatione
1145 3760 1273 3827 Seduni·

147 3863 291 3934 rahonis.
325 3865 430 3949 ptosae
462 3866 498 3932 id
529 3871 574 3931 est
605 3867 880 3949 interpretationes
910 3885 966 3930 sna
997 3865 1103 3931 cinnes
1133 3866 1272 3945 scriptu·

146 3985 258 4031 rarnan
272 3967 307 4051 ¹).

148 4134 350 4148 ——n-———

250 4225 271 4293 ι)
288 4226 399 4281 Addunt
416 4227 525 4283 littorea
537 4228 701 4284 academicae
712 4227 732 4282 i.
747 4243 769 4286 o.
781 4229 814 4282 ‘A
827 4228 854 4282 ln
864 4229 902 4282 fln
912 4230 960 4284 dee
971 4229 1073 4297 glossas
1084 4243 1131 4282 sur
1140 4226 1268 4280 sedulius

147 4328 176 4366 oe
196 4313 231 4366 lit
249 4312 280 4368 de
297 4315 324 4368 le
342 4317 426 4368 meme
444 4329 496 4370 une
514 4314 585 4384 pieoe
602 4317 648 4385 qui
667 4315 763 4369 dibnte
781 4315 851 4369 cinni
869 4317 897 4369 et
914 4315 960 4384 qni
972 4313 1095 4368 offredes
1106 4313 1270 4376 indicatione
