3142 5034
266 390 330 458 350
738 386 920 456 Appendir.

229 597 230 600 ’
266 585 376 656 patrem
398 583 563 652 uocaueret,
586 580 740 656 respondit
759 581 786 640 ei
809 586 901 656 peter.
927 581 975 640 Ite
997 597 1052 639 uox
1074 596 1132 639 non
1155 578 1211 638 luit
1233 577 1279 638 dei
1301 578 1395 652 patris

266 684 508 755 substantialiter,
532 685 608 744 sicut
623 670 754 744 columba
771 701 830 744 non
847 684 904 744 luit
920 683 1047 758 Spiritus
1063 684 1180 743 sauctus
1196 699 1249 742 nec
1272 699 1307 742 ex
1329 681 1394 740 aliis

265 787 401 847 columbis
425 789 571 860 generato,
599 787 650 847 sed
668 804 703 847 ex
724 803 800 860 sere,
828 787 871 846 ita
894 788 952 846 iste
973 803 1028 846 uox
1051 801 1110 846 uon
1132 785 1188 846 tuit
1208 785 1302 860 petris
1324 783 1394 843 sub·

264 891 454 969 stantialiter,
488 890 538 950 scd
574 889 688 963 siguum
722 890 756 948 ιιι
784 890 1029 950 demonstraretur
1064 887 1196 948 Christus
1225 887 1302 948 lilius
1336 886 1393 947 dei.

141 1024 161 1054 v.
177 1015 253 1056 ιιι-ιι
263 995 407 1066 Auuue,
430 1010 503 1067 quae
519 991 643 1067 singulis
658 994 744 1054 aunis
760 992 941 1064 celebrabut3
965 1008 1063 1052 annua
1080 993 1108 1052 ·i·
1124 989 1395 1065 uniuersarumque
1418 1004 1433 1046 e

263 1112 320 1156 unc
348 1113 459 1171 quoque
489 1113 563 1156 cunc
591 1095 621 1154 iu
653 1113 750 1156 mense
776 1097 868 1171 primo
892 1097 918 1156 ·i·
941 1096 1048 1169 Aprili,
1079 1093 1128 1169 qui
1149 1095 1282 1164 hebreice
1309 1093 1395 1153 nisan

262 1199 391 1270 uocatur,
414 1199 489 1272 apud
511 1197 616 1258 Iuleos
637 1200 747 1272 pasche
769 1199 943 1260 celebratur.
978 1199 1017 1260 Et
1040 1199 1198 1271 selendum,
1222 1197 1289 1271 quie
1312 1196 1395 1256 Iudei

261 1318 320 1364 nou
343 1302 489 1362 hebebant
517 1302 691 1378 computum,
719 1303 772 1362 sed
795 1317 847 1375 per
868 1301 946 1360 XXX
968 1302 1031 1362 dies
1054 1302 1243 1362 numerabunt
1264 1317 1394 1360 mensem

261 1408 292 1464 et
312 1405 418 1468 lunam.
455 1403 554 1464 Prima
576 1407 623 1465 die
644 1405 750 1466 mensis
771 1405 920 1466 faciebant
941 1405 1062 1481 primum
1085 1406 1193 1484 lunam,
1216 1405 1326 1464 decime
1349 1404 1394 1464 die

260 1508 408 1581 decimum,
432 1511 536 1583 quarta
558 1508 668 1569 decimo
691 1509 737 1568 die
760 1511 894 1584 quartem
909 1509 1048 1569 decimam
1063 1511 1093 1569 et
1108 1512 1178 1568 tunc
1193 1507 1394 1568 immolabatur
1403 1525 1431 1566 ro

260 1628 355 1684 agnus
378 1613 409 1670 et
428 1611 518 1670 fiebat
538 1611 657 1686 pasche.
702 1612 752 1673 Ex
780 1629 876 1672 more
900 1613 928 1672 ·i·
951 1613 981 1672 iu
1007 1614 1178 1672 comedendo
1200 1629 1307 1684 egnum
1329 1628 1393 1670 cum

259 1715 320 1774 suis
350 1714 500 1789 discipulis
536 1716 692 1776 secundum
719 1715 959 1777 consuetudinem
992 1715 1154 1776 Iudsorum.
1199 1716 1392 1776 Humilem

257 1817 384 1878 Humilis
406 1819 512 1878 dicitur
538 1819 620 1893 quasi
648 1819 784 1882 adclinis.
830 1819 1078 1893 Sepulchrum
1106 1821 1188 1880 albus
1214 1819 1324 1878 formae
1347 1820 1392 1878 cst

259 1921 374 1993 deforis,
406 1923 487 1982 intus
509 1938 577 1982 uero
600 1922 784 1996 corruptione
812 1924 929 1997 plenum
954 1926 1142 1994 mortuorum,
1166 1921 1271 1982 dicitur
1293 1925 1391 1981 eutem

257 2025 442 2098 sepulchrum
472 2026 556 2100 quusi
589 2026 651 2084 sine
679 2026 766 2100 pulsu
790 2026 818 2084 .i·
841 2025 903 2086 sinc
931 2026 1011 2088 lietu.
1056 2025 1169 2085 Liuor
1202 2025 1317 2099 proprie
1346 2026 1429 2086 estis

257 2131 353 2186 tumor
379 2129 542 2203 plagarum,
572 2127 725 2202 aliquando
755 2131 852 2189 eutem
880 2145 931 2202 pro
954 2129 1067 2189 inuidia
1088 2129 1205 2204 ponitur
1227 2128 1262 2186 ut
1282 2127 1314 2184 in
1336 2127 1391 2186 hoc

257 2229 330 2292 loco.
373 2230 509 2290 Pectus
532 2230 561 2288 ·i·
581 2229 764 2305 promittens,
798 2231 946 2305 pollicens.
981 2233 1116 2292 Paciscor
1144 2231 1198 2291 duo
1232 2232 1391 2305 praeterite

256 2332 354 2407 habet,
386 2333 484 2407 pepigi
513 2336 542 2393 et
574 2336 675 2408 pactus
704 2351 767 2394 sum
796 2336 826 2395 et
850 2335 897 2393 est
925 2332 1098 2409 polissemus
1127 2351 1221 2396 sermo
1249 2333 1277 2391 ·i·
1299 2335 1391 2393 multe

257 2435 434 2509 significans.
471 2437 605 2496 Paciscor
630 2454 731 2512 paoem
765 2436 840 2497 iccio
874 2439 902 2498 et
930 2439 1066 2511 promitto
1089 2437 1164 2498 sicut
1186 2437 1218 2497 in
1240 2438 1295 2497 hcc
1318 2438 1389 2499 loco.

256 2541 390 2600 Pecisoor
412 2541 442 2599 ·i·
463 2541 618 2616 adipiscor,
648 2545 681 2602 ut
708 2541 851 2615 Virgilius
879 2544 1002 2603 mortem
1023 2559 1075 2617 pro
1106 2542 1191 2602 laude
1212 2542 1337 2616 pascisci
1360 2542 1427 2604 ies

257 2642 391 2717 adipisci.
434 2643 626 2704 Nomisme
649 2661 667 2704 a
684 2646 798 2704 nomine
813 2644 929 2720 dicitur,
945 2645 1165 2720 quindenarius
1181 2645 1294 2703 nomine
1309 2645 1387 2718 regis

119 2739 124 2748 '
172 2800 176 2806 .
255 2747 422 2822 insignitur.
466 2748 602 2809 Sterili
625 2751 743 2810 metre
765 2750 792 2808 ·i·
816 2745 930 2809 utinam
952 2749 1057 2809 fuisset
1078 2748 1173 2810 meter
1188 2749 1250 2808 eius
1266 2747 1387 2820 sterilis,

255 2852 288 2907 ut
310 2867 368 2910 non
390 2853 534 2925 potuisset
555 2853 646 2914 uesci.
685 2854 770 2912 Sors
792 2853 927 2914 melior
949 2854 976 2912 οἱ·
996 2853 1123 2914 fortune„
1154 2852 1283 2912 Primum
1306 2853 1388 2926 optet

255 2955 349 3027 poeta,
371 2956 404 3012 ut
426 2971 484 3013 non
507 2954 613 3014 fuisset
634 2955 684 3015 ille
700 2959 798 3028 natus,
823 2955 893 3016 etsi
909 2959 1007 3027 uetus,
1030 2959 1063 3015 ut
1079 2957 1136 3016 cito
1152 2957 1281 3016 mortuus
1298 2955 1386 3017 esset.

256 3055 371 3115 Fusus
393 3057 421 3114 ·i·
444 3059 541 3119 natus.
581 3058 756 3131 Signifer
778 3059 805 3117 ·i·
829 3061 916 3133 signa
938 3059 1043 3120 ferens.
1083 3062 1149 3134 Ipse
1172 3059 1248 3119 enim
1270 3057 1425 3133 signumss

254 3157 351 3218 osculo
388 3158 511 3220 ferebat.
554 3161 698 3221 Premis
722 3161 748 3220 ·i·
772 3168 818 3220 est
851 3162 1003 3236 imprimis.
1048 3163 1122 3222 Pax
1150 3161 1189 3222 in
1224 3179 1334 3223 enses
1358 3163 1385 3220 ·i·

253 3260 283 3321 iu
306 3263 424 3335 praelia.
459 3263 554 3324 Enses
582 3281 634 3338 pro
663 3265 737 3324 bello
760 3265 866 3340 posuit
900 3267 956 3326 Por
982 3267 1011 3326 id
1035 3266 1111 3341 quod
1132 3265 1233 3338 efficit,
1256 3267 1286 3325 id
1309 3267 1385 3341 quod

254 3363 388 3440 eflicitur,
421 3365 612 3442 intellegitur.
657 3368 739 3428 Aut.
776 3369 875 3443 Lupus
909 3386 1062 3443 numquam
1091 3371 1237 3430 osculatur
1267 3385 1384 3443 agnum.

254 3467 373 3527 Puero
403 3468 428 3526 ·i·
452 3468 575 3530 llelcho.
620 3471 737 3532 Parce
759 3472 788 3531 ·i·
818 3489 910 3533 cessa.
944 3473 1036 3532 Pareo
1065 3472 1159 3532 multa
1189 3471 1333 3545 significat
1355 3473 1383 3531 ·i·

253 3571 388 3644 indulgeo
416 3572 463 3632 uel
493 3591 586 3644 seruo,
615 3574 681 3635 inde
709 3593 814 3650 parcas
842 3594 911 3652 apes
934 3575 1057 3635 dicimus
1081 3576 1253 3636 seructrices
1276 3574 1424 3640 mellisso

252 3673 290 3732 Et
315 3690 401 3746 parco
430 3680 475 3735 est
505 3693 595 3747 cesso,
630 3679 705 3739 sicut
733 3681 763 3740 iu
786 3680 935 3741 hocloco.
980 3680 1109 3755 Aliger
1131 3681 1158 3739 ·i·
1182 3682 1245 3741 ales
1268 3695 1382 3752 gerens.

138 3818 141 3823 -
253 3777 460 3839 Concilium
493 3780 520 3839 ·i·
553 3781 618 3856 ipsa
651 3782 816 3860 multitudo,
855 3783 1007 3844 consilium
1040 3802 1087 3844 res
1117 3783 1151 3843 de
1184 3801 1243 3858 que
1275 3782 1382 3857 egitur,

251 3880 471 3942 conciliabulum
493 3884 556 3958 ipse
578 3885 667 3945 locus.
702 3886 820 3958 llille,
844 3886 945 3946 finitus
967 3903 1105 3946 numerus
1128 3889 1175 3946 est
1189 3903 1240 3960 pro
1257 3885 1382 3946 infinito.

255 3983 363 4044 Vanis
393 3984 545 4045 feuillis
573 3986 601 4044 ·i·
625 3987 778 4047 sententiis
809 3988 856 4046 uel
885 3988 961 4048 melu
986 3986 1154 4050 intentione.
1192 3989 1305 4048 Fauillu
1337 3991 1383 4049 est

252 4086 309 4145 cibi
331 4087 410 4160 ignis
433 4090 463 4146 et
486 4087 632 4148 dicituro
654 4107 766 4163 graeco,
790 4093 862 4165 quod
886 4095 931 4152 est
952 4091 1020 4166 iege
1043 4092 1072 4150 ·i·
1095 4092 1253 4153 comedere.
1299 4093 1420 4153 Pul-ee

353 4318 388 4372 20
405 4319 439 4373 cf.
459 4322 523 4374 Aen.
542 4321 598 4375 XII
615 4321 650 4375 49
