3142 5034
188 370 191 374 ’
288 386 355 453 260
794 382 927 441 eccuni

289 592 419 664 manum
440 572 514 640 dare
535 592 598 672 non
620 574 768 667 paenitet,
793 572 822 641 ei
842 593 896 641 noe
918 575 1065 661 entiquee
1086 574 1244 643 lubricum
1267 578 1424 662 poeniteat

290 676 355 743 iam
369 677 487 757 ruinae,
503 678 607 743 uerbis
622 677 855 762 indulgentiam
869 678 987 745 talibus
1003 678 1157 746 releuaret
1172 683 1293 750 dicens:
1317 682 1334 747 f
1338 683 1376 749 id
1386 702 1423 749 cs

289 780 357 847 tua
377 779 416 846 te
438 782 590 848 saluam
616 779 733 848 fecit:
762 779 861 847 uado
883 781 923 847 in
945 800 1047 865 pace.
1086 802 1104 847 o
1127 787 1280 866 quantum
1303 785 1424 851 miseris

290 885 465 969 opitulatur
480 885 613 951 infirmis
628 884 709 951 illud
724 884 918 951 confessione
934 886 1091 971 detegere,
1109 888 1192 969 quod
1207 888 1424 955 absconditum

289 990 327 1055 fit
355 988 466 1057 letale!
496 988 600 1056 nutrit
627 1006 684 1054 sua
712 1006 849 1071 namque
877 984 1007 1055 uulnere
1037 988 1092 1073 qui
1109 988 1220 1057 celarit
1242 993 1274 1056 et
1295 992 1456 1058 stimulor

290 1091 406 1160 dolorie
428 1091 582 1159 insertam
610 1092 733 1158 medico
763 1091 882 1159 undere
911 1092 1052 1177 neglegit
1075 1092 1212 1178 plagam.
1250 1112 1320 1161 ecee
1342 1114 1424 1162 nuno

290 1195 409 1263 femina
430 1195 572 1263 diuturni
594 1196 738 1279 contagio
760 1195 863 1262 morbi
884 1196 1006 1280 pollute
1028 1199 1117 1279 parui
1144 1199 1280 1283 gemitus
1298 1198 1424 1265 efflicti-

291 1319 349 1367 one
363 1303 517 1385 purgatur
532 1298 643 1383 suique
664 1299 791 1383 gmgite
805 1297 899 1366 fletus
914 1298 1055 1366 abluitur
1077 1301 1109 1365 et
1129 1301 1267 1367 lacrimis
1288 1301 1422 1387 perfusa,

292 1404 415 1488 capillis
438 1406 560 1470 extersa
581 1402 718 1477 discedit
738 1406 856 1470 munda
877 1421 957 1485 quae
980 1408 1109 1469 uenerat
1131 1405 1300 1471 sordidata.

262 1526 282 1587 8
334 1524 386 1590 Ad
407 1525 517 1592 urbem
539 1541 659 1607 quoque
682 1522 900 1607 Gaphemaum
921 1526 1045 1589 nomine
1061 1524 1212 1591 Dominus
1228 1545 1301 1592 cum
1320 1525 1455 1591 uenis-10

292 1630 341 1693 eet
362 1628 456 1711 inque
477 1628 616 1713 plurimo
630 1646 809 1712 synagogae
825 1627 956 1694 concilio
973 1628 1116 1694 caelestis
1130 1630 1258 1713 populos
1274 1632 1423 1707 edoceret,

292 1732 396 1798 subito
426 1752 482 1816 per
508 1732 663 1798 humanae
683 1733 771 1797 uocis
794 1731 1008 1798 ministerium
1031 1733 1187 1817 corporale
1215 1732 1425 1817 nequissimus

291 1835 348 1902 ille
370 1835 514 1903 diabolus
542 1835 641 1901 telem
670 1836 798 1901 fremuit
827 1834 862 1900 in
892 1835 1077 1901 clamorem:
1113 1836 1207 1919 quid
1242 1835 1359 1903 nobis
1387 1838 1425 1901 et

166 1974 170 1982 ·
292 1938 375 2004 tibi
403 1939 495 2024 Iesu
523 1936 748 2006 Nenenene?
773 1938 928 2005 uenisti
950 1939 1115 2021 perdere
1137 1940 1227 2005 noe?
1257 1940 1339 2007 scio
1361 1937 1424 2023 qni

291 2042 366 2127 sie,
388 2043 560 2127 ,sanetus
582 2043 663 2109 Dei.
700 2060 833 2126 moxque
854 2041 989 2109 Domino
1010 2042 1177 2109 minaciter
1206 2044 1330 2110 dicente
1358 2060 1453 2126 per-u

291 2136 423 2213 territus
456 2146 551 2229 atque
578 2143 733 2212 deiectus:
767 2143 996 2211 obmutesce
1024 2150 1062 2236 et
1091 2149 1150 2213 exi
1175 2146 1226 2211 ‘de
1252 2145 1424 2224 homine,

291 2243 468 2331 spiritus
489 2249 705 2330 immunde,
725 2267 841 2333 magno
857 2250 987 2315 reboans
1003 2249 1224 2333 cummugitu‚
1241 2267 1301 2333 quo
1318 2248 1423 2315 diuino

292 2372 326 2418 se
344 2353 496 2420 fateretur
524 2352 655 2437 imperio
686 2354 896 2436 uerberatum,
928 2352 1057 2437 reliquit
1079 2354 1224 2421 humana
1237 2352 1423 2437 praecordia,

291 2456 416 2542 fugiens
438 2453 472 2523 in
494 2475 586 2524 auras
608 2475 670 2524 non
692 2457 844 2524 uidendae
868 2455 1024 2525 obscuras.

395 2658 495 2716 2an
514 2659 539 2725 l,
557 2659 594 2715 50
695 2658 730 2714 13
747 2658 831 2714 Mare.
849 2660 872 2726 1,
891 2660 926 2715 24
1030 2660 1062 2716 16
1080 2660 1117 2717 ib.
1137 2663 1160 2727 1,
1178 2660 1213 2717 25

344 2803 494 2921 noenius
519 2849 549 2904 et
573 2847 598 2903 si
623 2864 678 2904 nou
703 2849 732 2903 P
839 2851 1033 2920 paenitentiam
1061 2852 1096 2907 H
1204 2850 1306 2905 2tam
1332 2849 1360 2903 P

292 2956 410 3011 relaxate
436 2956 465 3011 P
515 3000 521 3020 ,
603 2955 772 3011 4inlormie
798 2957 835 3011 H
974 2942 1085 3027 deigere
1110 2957 1139 3011 P
1284 2952 1425 3009 bloetulo

290 3043 357 3098 tetri
458 3056 574 3113 nemque
591 3058 674 3097 suaa
776 3042 890 3099 caelarit
906 3043 934 3099 P
1031 3043 1141 3099 stimulo
1159 3042 1187 3097 Β
1292 3040 1425 3096 bineerta

293 3163 327 3227 P,
356 3163 510 3219 incertuso
604 3128 728 3245 neglegit
745 3166 827 3233 (corr.
845 3166 924 3230 Μ)
942 3164 979 3220 H
1069 3164 1186 3235 palmam
1203 3164 1232 3217 P
1334 3160 1426 3215 ldie·

292 3263 377 3333 turni]
400 3280 452 3320 eor.
475 3264 504 3319 P
607 3264 778 3334 8pu1betur
802 3265 829 3320 P
932 3266 1053 3335 gurgite]
1073 3282 1087 3320 e
1105 3280 1139 3321 cet
1155 3266 1166 3319 i
1183 3264 1212 3322 R
1315 3264 1425 3318 bunun·

293 3366 407 3437 demque
429 3368 466 3422 H
563 3369 712 3425 sordidae
817 3370 851 3425 10
872 3382 923 3428 um
946 3358 1097 3426 {murmane
1120 3383 1253 3425 somnum·
1281 3354 1425 3424 mmm

294 3504 332 3544 vu
354 3502 503 3544 suenum
525 3490 567 3558 Β,
602 3490 650 3547 ubi
668 3491 804 3561 prendebat
821 3491 965 3561 spiritibus
984 3491 1122 3546 inmundis
1140 3492 1172 3545 ut
1189 3462 1293 3545 taceret
1312 3489 1349 3545 H
1363 3484 1426 3557 (no'

293 3592 328 3629 m.
346 3577 392 3643 2),
427 3576 460 3629 de
482 3576 611 3632 doemone
633 3578 668 3633 ab
691 3578 810 3633 humano
833 3592 941 3648 corpore
963 3577 1060 3648 fugato
1083 3595 1101 3634 c
1203 3584 1236 3631 cu
1258 3592 1280 3631 a.
1299 3575 1317 3631 l.
1338 3592 1373 3629 or.
1391 3573 1425 3629 at.

293 3660 322 3715 Β
430 3662 463 3715 11
491 3662 522 3717 ἰιι
547 3678 641 3733 quae
743 3664 863 3733 plurimu
888 3664 922 3730 P,
955 3664 1087 3733 plurimos
1113 3663 1148 3717 H
1151 3663 1213 3732 (ἣν
1315 3660 1426 3716 oonsilio

293 3747 403 3803 coelesti
430 3748 503 3805 aaa.
623 3752 652 3804 et
676 3750 769 3805 subita
794 3765 840 3820 per
866 3751 985 3805 bumana
1009 3750 1045 3806 H
1168 3744 1426 3818 requirerem

292 3852 337 3917 Η,
367 3832 637 3925 quidslllribi⁶13‚
668 3854 737 3924 quid
757 3853 811 3910 eur
834 3856 901 3911 cv
974 3888 990 3915 „
1011 3855 1044 3910 14
1065 3836 1220 3940 mazacate
1243 3854 1323 3949 (egr.
1346 3852 1425 3915 aa)

293 3956 329 4010 H
427 3954 536 4055 perdere
558 3957 741 4013 nocetne
759 3975 788 4013 a.
814 3957 842 4012 Β
946 3958 1006 4028 quie
1033 3959 1084 4015 Bo
1186 3956 1248 4027 quis
1265 3972 1307 4011 ece
1333 3954 1362 4009 P

295 4058 328 4112 15
350 4072 478 4143 moxquae
495 4074 565 4115 corr.
583 4076 619 4115 re.
635 4056 656 4115 2
672 4059 708 4115 H
800 4061 946 4115 minabitur
963 4060 991 4116 P
1090 4060 1122 4115 16
1140 4060 1226 4131 adque
1243 4058 1287 4115 11ι
1382 4056 1425 4112 ob

294 4164 412 4218 mutesco
429 4165 467 4233 (o¹
485 4178 558 4230 corr.
575 4164 608 4219 ia
620 4164 678 4218 im.
690 4164 739 4230 at.)
757 4163 786 4218 Β
872 4162 961 4220 excide
978 4164 1083 4221 homiui
1099 4181 1117 4222 a
1134 4167 1250 4235 (except.
1271 4162 1357 4226 Gall.)

295 4247 327 4301 17
354 4264 412 4303 com
438 4250 468 4305 P
577 4250 682 4321 gemitu
707 4252 736 4307 Β
839 4252 910 4321 quod
936 4252 965 4306 P
1075 4252 1109 4307 18
1135 4248 1304 4307 uerberatum
1330 4248 1358 4303 Β

294 4333 412 4403 reliquid
428 4334 491 4392 PH
592 4338 625 4392 19
642 4336 768 4392 diuidens
785 4338 831 4406 H,
863 4337 1012 4394 uidendoe
