3142 5034
299 405 364 470 330
773 401 958 472 Appendix.

190 600 193 606 ’
301 597 398 658 iussus
430 600 474 657 est
503 599 601 657 uenire
623 597 737 669 Arrius,
761 599 793 656 ut
821 597 863 655 ibi
893 598 955 658 eius
984 599 1147 672 patesceret
1169 597 1250 657 fides.
1288 597 1429 668 Quicum

300 701 558 776 adpropinquasset
582 700 619 760 ad
634 692 786 775 synodum,
810 700 909 760 saneto
925 699 1090 760 Alexandro
1105 701 1239 776 episcopo
1255 701 1285 759 in
1301 701 1429 760 oratione

299 803 618 878 perseuerantffiuimio
647 806 755 862 1611616
784 805 918 876 arreptus
945 803 999 878 eet,
1030 803 1100 862 adeo
1127 805 1160 864 ut
1193 803 1289 863 omnia
1316 802 1429 863 uiscera

167 956 181 975 .,
300 907 362 967 eius
385 907 483 967 dolore
505 905 669 968 deficerent.
706 906 786 966 Tunc
809 906 895 965 iussit
918 905 974 964 sibi
997 905 1095 978 parari
1118 906 1252 968 latrinas.
1290 907 1337 964 Ad
1359 923 1429 980 quas

299 1027 364 1070 cum
385 1011 522 1083 uenisset,
546 1011 652 1070 diffusa
674 1011 745 1070 sunt
766 1009 861 1069 omnia
890 1009 1003 1070 uiscera
1025 1009 1097 1089 eius,
1132 1009 1199 1082 quie
1227 1009 1302 1068 iusto
1326 1007 1460 1069 iudicios
1558 1021 1559 1024 ’

153 1139 173 1169 v.
188 1113 346 1171 eoo-eaedei
382 1112 457 1172 sieut
483 1129 592 1172 uacuus
622 1115 687 1173 erat
708 1114 813 1184 mente,
838 1113 880 1172 sic
902 1113 1043 1172 remansit
1065 1129 1174 1174 uacuus
1199 1115 1308 1173 uentre.
1347 1115 1428 1172 Our-

299 1233 341 1274 ue
362 1231 425 1301 pter
447 1216 532 1274 auia
554 1216 581 1274 ·i·
603 1233 655 1290 por
677 1216 839 1275 falsitatem
856 1215 940 1290 praui
963 1213 1118 1290 dogmatis.
1153 1216 1259 1275 Auium
1282 1218 1328 1274 est
1351 1218 1428 1276 locus

298 1318 360 1377 sine
390 1317 447 1390 uia,
475 1335 568 1392 apro
596 1319 657 1378 siue
685 1318 812 1394 ponitur.
857 1319 990 1396 Nepos,
1021 1335 1111 1393 nepos
1138 1319 1244 1378 dicitur
1274 1320 1351 1380 filius
1377 1319 1429 1378 filii

298 1424 328 1478 61
355 1438 445 1495 nepos
473 1421 557 1496 quasi
585 1424 672 1480 natus
700 1423 775 1494 post.
822 1421 939 1491 Quando
968 1420 1060 1480 filium
1087 1423 1138 1480 aut
1160 1422 1251 1480 filiam
1274 1423 1427 1496 significat,

239 1548 240 1551 ¹
299 1522 374 1581 facit·
392 1523 440 1581 hic
462 1540 550 1597 nepos
572 1526 601 1582 et
622 1525 693 1582 haec
708 1523 813 1597 neptia,
830 1525 945 1596 quando
961 1539 1029 1583 uero
1045 1521 1231 1598 luxuriosum,
1248 1525 1297 1584 1116
1314 1529 1343 1586 61
1358 1529 1458 1589 haeero

298 1642 396 1700 nepos.
439 1627 526 1697 Ani,
565 1643 636 1684 auus
671 1625 776 1683 dicitur
805 1625 888 1697 quasi
922 1624 1019 1684 auitas
1053 1625 1080 1682 ·i·
1115 1625 1259 1700 antiquus.
1302 1627 1427 1688 Totum

298 1745 495 1791 commune.
535 1727 700 1787 Communis
733 1728 780 1786 uel
808 1727 997 1788 communitas
1031 1727 1062 1786 in
1090 1730 1194 1787 saneta
1217 1730 1361 1790 Trinitate
1383 1736 1426 1791 est

297 1831 423 1905 exceptis
451 1831 583 1892 relatiuis
610 1831 783 1893 nominibus.
822 1831 904 1900 Quod
926 1833 1022 1905 potest
1045 1831 1254 1904 cathegorizari
1277 1833 1312 1892 16
1335 1836 1425 1908 patre,

297 1935 351 1994 hoc
385 1935 419 1993 de
452 1934 521 2007 filio,
556 1937 608 1994 hoo
640 1937 675 1994 16
702 1934 809 2009 spiritu
839 1937 957 1997 sancto:
996 1937 1028 1992 ut
1058 1936 1158 2006 bonus,
1189 1953 1323 2010 magnus,
1352 1939 1425 2017 pius,

298 2038 478 2111 omnipotens
494 2040 523 2095 et
538 2040 594 2098 oet.
618 2037 745 2112 exeeptis
761 2038 836 2096 siout
860 2056 949 2112 supra
965 2040 1072 2098 dictam
1095 2043 1140 2098 est
1157 2039 1288 2098 relatiuis
1303 2042 1455 2110 nomini-15

296 2141 362 2202 bus.
406 2139 477 2209 Quo
500 2143 654 2200 crescat
671 2143 699 2200 ·i·
720 2142 826 2214 ubique
849 2141 994 2216 perfectus
1017 2145 1063 2201 est
1085 2159 1143 2203 non
1160 2145 1285 2204 creatus,
1323 2144 1425 2205 Arrius

297 2245 411 2302 dicebat
436 2241 507 2322 ‘esse
529 2241 708 2314 creaturam',
732 2245 783 2304 sed
806 2245 945 2304 mentitus
968 2247 1021 2318 est,
1045 2263 1103 2306 uon
1126 2247 1202 2306 euim
1223 2247 1280 2306 luit
1302 2251 1424 2326 creatus,

296 2349 347 2405 sed
380 2347 506 2419 genitus.
549 2348 639 2406 Nam
671 2347 757 2420 quia
791 2347 857 2422 qui
882 2365 1035 2408 summus
1058 2348 1085 2406 ·i·
1107 2349 1246 2410 excelsus.
1283 2351 1425 2426 Intellege

295 2449 352 2509 uim
375 2451 542 2509 uerborum:
565 2450 633 2509 Non
656 2450 772 2510 1116661
795 2451 872 2510 filius
895 2452 944 2524 qui
967 2453 996 2509 et
1018 2454 1111 2526 pater,
1135 2455 1187 2514 sed
1209 2455 1264 2513 hoc
1288 2457 1334 2516 est
1348 2457 1424 2516 filius

295 2555 370 2628 quod
392 2557 421 2613 et
443 2557 527 2628 petor
550 2555 576 2612 ·i.
593 2571 651 2612 una
678 2553 853 2614 substantia.
892 2555 989 2614 Distat
1015 2556 1090 2616 inter
1112 2556 1160 2615 hic
1183 2559 1212 2616 61
1235 2559 1296 2634 hoc,
1321 2559 1454 2622 11166116

293 2674 438 2730 personae,
470 2659 525 2718 hoc
554 2661 590 2718 ad
624 2658 817 2718 substantiam
853 2659 993 2732 pertinet.
1037 2660 1153 2720 Vnum
1185 2678 1321 2722 sumus.
1359 2662 1423 2722 Nou

295 2760 368 2820 dixit
400 2756 489 2819 ‘unus'
519 2763 568 2820 sed
601 2758 705 2822 ‘unum’
741 2763 768 2820 ·i·
797 2779 855 2820 uua
882 2761 1055 2823 substantia.
1101 2763 1235 2822 Arrius
1262 2781 1369 2824 unum
1398 2766 1423 2824 ·i·

294 2879 379 2922 uuam
402 2865 596 2924 substantiam
619 2867 692 2924 seire
714 2865 810 2925 debet.
834 2864 888 2924 llle
904 2867 978 2944 enim
994 2866 1105 2925 dicebat
1122 2868 1183 2926 tres
1206 2883 1269 2928 6666
1285 2885 1423 2942 personae

296 2967 376 3040 bene,
399 2969 430 3026 et
444 2970 504 3027 tres
520 2969 697 3029 substantias
713 2968 800 3028 male.
829 2969 949 3056 Dicebat
963 2970 1036 3030 euim
1052 2970 1157 3029 Filium
1173 2972 1308 3032 minorem
1325 2973 1421 3044 Patre,

295 3070 433 3144 Spiritum
455 3074 588 3130 sanctum
611 3072 750 3132 minorem
773 3074 894 3147 utroque
916 3077 945 3133 61
968 3077 1068 3134 contra
1084 3074 1230 3136 Satellius
1250 3093 1339 3134 unem
1354 3077 1454 3139 subrue

293 3172 432 3231 stantiam
464 3175 563 3248 bene,
582 3178 631 3235 sod
663 3192 748 3234 uuam
778 3192 931 3247 personam
960 3178 1043 3236 mele.
1077 3177 1198 3236 Dicebat
1219 3175 1313 3237 onim:
1337 3179 1423 3238 Pater

293 3276 405 3347 quando
429 3277 503 3351 uult,
524 3282 609 3351 pater
625 3282 680 3350 est,
704 3279 816 3351 quando
831 3278 906 3352 uult,
921 3279 998 3337 filius
1013 3281 1067 3351 est,
1083 3279 1196 3352 quando
1207 3282 1285 3360 uult,
1302 3279 1422 3355 spiritus

293 3380 410 3437 sanctus
443 3383 499 3441 est.
541 3384 617 3440 Iste
638 3383 666 3440 i·
690 3380 832 3440 Sabellius
860 3381 945 3440 fidem
973 3389 1087 3441 ternam
1115 3382 1200 3442 debat
1226 3385 1312 3444 seire.
1357 3385 1423 3444 Ast

292 3480 354 3539 hio
383 3481 409 3540 ·i·
438 3483 550 3546 Arrius.
595 3483 810 3543 cachinnus
850 3487 895 3542 est
935 3483 1093 3544 dissolutus
1134 3485 1210 3545 risus
1238 3487 1266 3546 ·i·
1299 3488 1420 3560 crispus.

248 3589 249 3592 ’
292 3583 395 3642 Potest
418 3585 508 3644 otiam
529 3586 583 3646 hoc
604 3587 641 3646 ad
663 3587 849 3660 philosophos
871 3587 982 3661 referri,
1011 3605 1078 3648 nem
1102 3588 1292 3663 philosophus
1314 3589 1454 3664 aliquisne

292 3686 414 3745 multum
444 3687 571 3762 loquitur
601 3692 677 3750 sicut
705 3691 857 3770 Epicurus,
893 3692 943 3766 qui
972 3693 1006 3752 16
1036 3692 1181 3752 creatione
1208 3675 1309 3752 11111111
1331 3695 1422 3753 multa

293 3789 374 3852 dixit.
411 3790 534 3850 Dicebat
563 3793 636 3852 enim
668 3795 808 3854 mundum
838 3811 871 3853 ex
901 3795 1003 3854 atomis
1031 3797 1174 3856 constare.
1219 3795 1306 3855 Tecet
1337 3795 1421 3856 nimis

294 3891 369 3951 altor
384 3893 460 3952 sicut
472 3895 669 3969 Pythagorici,
685 3897 734 3970 qui
746 3897 939 3970 quinquennio
952 3896 1113 3970 discebant,
1129 3916 1182 3972 por
1193 3898 1421 3974 quinquennium

342 4175 474 4266 51111166
500 4214 528 4266 A
631 4214 752 4284 ‘lparui
779 4215 818 4268 A¹
836 4233 907 4271 corr.
925 4221 999 4273 uu.2
1043 4257 1046 4264 ⁴
1100 4209 1318 4287 14161166
1334 4223 1418 4286 1112)

292 4332 319 4385 A
421 4332 456 4388 25
473 4333 600 4402 apellius
617 4335 646 4388 A
748 4336 782 4389 en
800 4335 916 4392 eunomus
934 4339 962 4392 A
1065 4339 1099 4394 aa
1117 4305 1261 4409 pitagorae
1278 4341 1305 4394 A
