3142 5034
1172 402 1271 450 XLVII

142 573 269 638 adiutus
292 573 351 637 sim
385 570 467 636 liber
500 571 566 654 ipss
586 570 683 636 Prosa
711 571 875 654 praecipuo
897 571 981 637 haud
1003 573 1109 654 paucis
1131 571 1207 637 locis
1229 571 1269 637 ab

143 677 198 743 illo
221 676 387 742 emendata
419 675 472 740 nei
495 673 682 739 coniecturis
711 677 819 740 ornata
846 675 991 740 testatur.
1028 675 1096 740 Nec
1118 675 1270 739 minorem

143 779 281 863 gratiam
304 779 397 844 debeo
418 775 601 842 ministeriis
623 775 756 858 publicis
772 777 804 840 et
818 776 1077 843 bibliothecarum
1091 776 1269 860 praesectis,

143 884 197 966 qni
220 882 301 947 mihi
329 881 505 946 inmensam
528 880 693 946 materiam
722 881 915 962 conquirenti
943 881 1072 948 consilio
1100 899 1156 946 suo
1179 880 1272 945 adfu-

143 987 237 1050 erunt
259 986 290 1049 et
312 987 452 1050 codicum
476 982 730 1048 excutiendorum
746 983 866 1065 copiam
888 982 1037 1060 iecerunt,
1059 983 1173 1049 deindo
1194 980 1271 1048 uiris

143 1089 334 1154 doctissimis
366 1104 497 1169 quorum
525 1085 712 1170 apographis
735 1085 912 1152 Sedulianis
941 1087 989 1152 uti
1015 1086 1094 1152 mihi
1121 1085 1214 1151 licuit
1235 1088 1271 1151 nt

143 1189 176 1255 C.
213 1189 399 1273 Schenkl,
433 1191 485 1271 qui
518 1187 635 1254 Setulii
670 1190 801 1273 hymnos
829 1189 987 1256 ednobus
1020 1189 1176 1256 codicibus
1209 1208 1271 1255 uno

143 1294 286 1358 Parisino
305 1292 403 1358 altero
425 1291 577 1368 Leidensi,
601 1292 642 1356 H.
666 1292 895 1372 Bradshaw‚
919 1295 972 1376 qui
993 1292 1125 1378 hymnos
1141 1313 1176 1359 ex
1191 1295 1270 1360 libro

143 1396 329 1478 perantiquo
367 1393 617 1477 Cantabrigionsi
660 1394 830 1477 descriptos
867 1396 1095 1479 suppeditarim
1139 1397 1271 1481 deniquo

143 1504 248 1563 mente
271 1499 364 1583 grata
383 1499 486 1564 recolo
506 1517 569 1578 sos,
592 1499 738 1582 aquibus
761 1499 880 1565 codices
903 1501 984 1564 totos
1005 1499 1038 1564 in
1058 1518 1162 1566 mcum
1178 1519 1270 1566 nsum

143 1619 286 1672 excussos
309 1603 360 1666 uel
381 1603 536 1684 inspectos
560 1618 626 1667 osse
649 1619 743 1685 supra
757 1603 858 1670 docui.
883 1602 956 1667 Iam
975 1603 1068 1687 longo
1089 1621 1190 1668 erroro
1210 1593 1271 1668 ‘in-

143 1719 287 1769 mensum
309 1704 463 1788 paschalis
498 1705 646 1771 carminis
678 1705 819 1790 pelagns’
851 1707 969 1772 emensi
998 1707 1075 1772 litus
1102 1710 1272 1790 tangamus

143 1809 279 1892 gratnm,
317 1810 344 1873 si
380 1809 438 1873 hoo
474 1826 563 1892 opere
601 1809 720 1891 aliquid
757 1810 923 1890 proiecisse
959 1809 1153 1888 uidebimur;
1197 1829 1270 1875 nam

143 1911 334 1994 experientia
360 1914 539 1979 roboratum
570 1913 609 1978 ad
632 1931 748 1978 nouum
770 1914 911 1979 laborem
932 1908 1269 1980 inuitat-iuuencum

187 2047 303 2130 Scripsi
325 2049 531 2116 Vindobonae
553 2050 662 2116 Idibus
684 2051 915 2118 Nouembribus
939 2070 967 2116 a.
992 2051 1085 2118 1884.

895 2310 1055 2380 iohannes
1077 2308 1226 2379 memor.
