3142 5034
444 316 456 326 ο
494 378 613 445 148
1505 376 1722 429 Index

657 570 843 631 XVII.
897 568 981 627 De
1027 569 1304 631 Danihelo
1350 587 1384 628 a
1430 569 1712 629 famelicis
1756 568 2014 628 leonibus
2058 569 2358 629 custodite.
2450 570 2528 641 (v.
2564 568 2735 647 212.)

620 674 836 733 XVIII.
891 671 1298 732 Miraculorum
1342 672 1746 746 recapitulatio
1791 670 2230 746 praedictorum.
2327 670 2411 750 (v.
2457 671 2626 751 220.)

592 775 841 835 XVIIII.
899 776 1081 834 Deflet
1127 777 1537 835 elementorum
1581 776 1970 849 idolorumque
2016 774 2284 835 cultores,
2373 771 2454 855 (ν.
2502 777 2673 854 242.)

724 879 843 938 ΧΧ.
896 879 1224 939 Exhortans
1285 881 1467 939 semet
1523 880 1713 955 ipsum
1777 880 1836 938 in
1887 879 2158 938 carminis
2214 880 2370 937 uiam
2413 878 2731 940 trinitatem

893 965 1106 1024 astruit
1152 968 1208 1023 et
1252 966 1481 1024 Arrium
1528 975 1702 1039 atque
1751 965 2060 1024 Sabellium
2113 965 2305 1025 uarios
2350 965 2538 1026 rectae
2596 966 2730 1025 fidei
2779 991 2803 1028 5

894 1051 1145 1124 percutit
1189 1052 1471 1111 inimicos.
1568 1050 1649 1129 (v.
1698 1050 1868 1130 282.)

684 1153 840 1212 XXI.
895 1153 1175 1213 Hortatur
1221 1154 1431 1212 milites
1475 1153 1532 1211 in
1580 1155 1676 1211 uia
1720 1154 1854 1213 fidei
1900 1154 2065 1226 signo
2114 1153 2296 1213 crucis
2345 1158 2594 1214 armatos
2637 1172 2734 1214 sev·

892 1257 1000 1314 que
1043 1240 1107 1299 in
1154 1241 1280 1299 albo
1326 1239 1483 1299 beati
1526 1238 1744 1299 ordinis
1789 1240 1974 1312 poscit
2016 1239 2248 1301 ascribi.
2345 1239 2424 1318 (v.
2474 1238 2641 1317 334.)

656 1341 839 1401 XXII.
896 1342 1037 1401 Orat
1082 1341 1392 1412 Christum,
1440 1360 1606 1415 quem
1651 1344 1890 1401 formam
1935 1342 2091 1402 serui
2138 1343 2453 1418 sumpsisse
2484 1361 2728 1417 euange-

890 1427 1063 1488 listae
1110 1430 1375 1501 quattuor
1423 1430 1755 1488 animalium
1787 1427 1989 1502 figuris
2022 1430 2350 1491 ostendunt.
2440 1432 2517 1503 (v.
2555 1428 2720 1506 351.)
2751 1452 2803 1491 ιο

621 1617 835 1678 XXIII.
895 1619 977 1677 De
1047 1618 1373 1692 expulsione
1438 1618 1620 1677 Adam
1689 1617 1757 1676 de
1823 1620 2104 1691 paradyso
2164 1621 2224 1678 et
2282 1617 2418 1692 qnia
2478 1618 2549 1677 ab
2604 1618 2728 1693 ipso

892 1703 1149 1763 mortalis
1204 1706 1283 1764 sit
1340 1704 1495 1763 facta
1538 1704 1852 1778 posteritas
1898 1720 2000 1777 per
2045 1705 2245 1782 Euam,
2295 1705 2456 1763 cuins
2500 1703 2724 1764 facinus

894 1789 1182 1863 expiatum
1226 1790 1434 1849 asserit
1480 1806 1585 1864 per
1628 1790 1886 1849 Mariam.
1981 1788 2111 1869 (lib.
2157 1791 2236 1849 ΙΙ.
2284 1809 2339 1851 v.
2391 1787 2476 1869 1.)

594 1891 835 1950 XXIIII.
889 1891 972 1951 De
1027 1895 1303 1967 conceptu
1360 1895 1563 1952 beatae
1608 1894 1823 1952 Mariae
1867 1909 1902 1950 a
1944 1894 2240 1967 prophetis
2290 1896 2516 1967 saepius
2560 1910 2723 1966 prae-

886 1977 1182 2143 {icto353t
1269 1978 1567 2037 Gabrihelo
1643 1978 1986 2053 archangelo
2061 1981 2369 2039 nuntiante
2442 1980 2727 2055 conpleto.
2747 2000 2800 2040 15

922 2081 976 2122 v.
1114 2109 1128 2125 .
1544 2087 1548 2091 ’

667 2165 840 2225 XXV.
895 2166 981 2226 De
1026 2169 1196 2240 partu
1240 2169 1440 2227 beatae
1486 2170 1706 2229 Mariae
1752 2170 1810 2227 et
1866 2168 2202 2243 angelorum
2248 2169 2316 2228 in
2359 2168 2571 2228 Christi
2615 2188 2723 2229 na-

887 2252 1118 2311 tiuitate
1162 2254 1342 2312 Deum
1384 2252 1743 2313 laudantium
1789 2256 2197 2329 gratulatione.
2289 2249 2372 2334 (v.
2420 2254 2548 2333 41.)

634 2353 833 2416 XXVI.
890 2354 1116 2414 Christo
1191 2358 1321 2415 Iesu
1398 2357 1458 2413 in
1525 2356 1821 2416 Bethleem
1889 2359 2023 2416 nato
2093 2358 2348 2416 Herodes
2415 2360 2476 2416 et
2540 2358 2724 2418 omnis

887 2440 1269 2501 Hierosolima
1315 2459 1441 2501 cum
1488 2441 1588 2501 illo
1632 2443 1924 2503 turbatur.
2020 2440 2097 2521 (v.
2153 2436 2282 2523 73.)
2743 2461 2796 2503 20

600 2543 833 2602 XXVII.
891 2545 973 2603 De
1038 2544 1214 2603 stella
1280 2562 1479 2617 magos
1550 2546 1622 2603 ad
1691 2546 1978 2604 Christum
2041 2546 2287 2606 ducente
2347 2547 2404 2605 et
2461 2546 2723 2622 mysticis

887 2646 1078 2689 eorum
1125 2631 1469 2690 muneribus,
1563 2630 1640 2709 (v.
1689 2628 1818 2709 89.)

567 2731 832 2793 XXVIII.
887 2733 969 2789 De
1027 2729 1269 2789 saeuitia
1326 2731 1575 2790 Herodis
1635 2732 1692 2789 et
1753 2749 1891 2791 nece
1936 2733 2322 2804 paruulorum.
2419 2732 2500 2809 (v.
2550 2734 2721 2809 107.)

532 2834 829 2895 XXVIIII.
888 2834 971 2894 De
1016 2833 1278 2894 doctrina
1314 2852 1382 2893 ac
1412 2834 1744 2907 magisterio
1777 2835 2006 2895 Domini
2038 2837 2335 2897 duodenis,
2430 2834 2509 2915 (v.
2548 2833 2717 2913 134.)

667 2938 837 2997 XXX.
893 2938 974 2996 De
1044 2938 1339 2998 tricenarii
1415 2934 1706 3012 baptismo
1775 2929 2088 2998 Saluatoris
2155 2942 2214 2999 et
2284 2940 2351 2999 de
2399 2940 2613 3013 spiritu
2657 2940 2722 2998 in
2742 2962 2791 3003 25

884 3023 1176 3083 columbae
1223 3027 1411 3101 specie
1456 3023 1602 3085 uiso.
1698 3018 1780 3105 (v.
1834 3020 2007 3105 141.)

629 3128 831 3187 XXXI.
884 3127 966 3187 De
1020 3128 1471 3202 quadragenario
1518 3127 1835 3187 Saluatoris
1893 3127 2105 3187 ieiunio
2166 3129 2226 3187 et
2267 3127 2425 3187 trina
2468 3131 2718 3203 tempta-

881 3214 1035 3272 tione
1079 3216 1324 3287 peracta.
1423 3212 1504 3292 (v.
1555 3212 1726 3293 175.)

595 3316 826 3375 XXXII.
884 3316 969 3375 De
1016 3317 1291 3376 electione
1334 3316 1703 3391 piscatorum.
1798 3314 1876 3394 (v.
1927 3314 2098 3398 220.)

563 3419 828 3479 XXXIII.
884 3420 976 3582 {k}
1009 3422 1257 3566 pateggal
1281 3420 1698 3587 >appellatione
1769 3421 1942 3479 Pater
1972 3423 2168 3479 noster
2199 3420 2297 3493 qui
2328 3438 2390 3480 es
2426 3420 2486 3479 in
2520 3419 2714 3482 caelis,
2737 3440 2792 3481 30

915 3522 944 3564 c
971 3552 987 3568 .
1031 3524 1084 3567 v.
1265 3554 1278 3567 .

534 3609 827 3668 XXXIIII.
881 3609 965 3772 {Je
1011 3608 1466 3773 0231114111)11103110110
1509 3609 1785 3669 nominis.
1848 3609 2245 3669 Sanctificetur
2290 3626 2496 3670 nomen
2541 3611 2721 3672 tuum.

912 3713 963 3754 v.
1143 3740 1156 3754 .
2596 3724 2602 3728 ·

600 3799 827 3859 XXXV.
878 3798 965 3958 (De
1010 3799 1259 3962 {iigeptu
1303 3798 1488 3872 regni.
1559 3797 1854 3858 Adueniet
1898 3816 2134 3874 regnum
2181 3801 2363 3857 tuum.

900 3904 954 3945 v.
1139 3929 1150 3942 .
1950 3940 1968 3956 ,
2738 3914 2791 3953 35

572 4069 597 4121 1
637 4068 877 4122 custodis
913 4067 979 4122 K
1154 4067 1189 4121 4
1226 4069 1469 4120 exortans
1506 4066 1571 4119 K
1604 4068 1856 4134 (passim)
2043 4069 2076 4121 9
2112 4069 2257 4121 ortat
2291 4069 2352 4120 K
2533 4069 2598 4122 12
2631 4084 2720 4137 po-

468 4155 687 4207 steritas
741 4155 808 4208 K
1010 4156 1074 4209 15
1126 4171 1158 4207 a
1210 4154 1488 4222 gabrihelo
1544 4154 1618 4207 H
1816 4154 1880 4207 18
1930 4170 2048 4207 cum
2102 4154 2471 4221 gratulatione
2522 4156 2593 4207 H

465 4239 533 4291 20
566 4240 764 4294 hirlma
786 4239 1040 4293 turbatur
1065 4240 1130 4293 K
1294 4240 1360 4293 21
1386 4241 1459 4293 sit
1483 4242 1581 4293 illa
1605 4239 1670 4292 K
1838 4239 2056 4294 daccnte
2083 4240 2150 4292 K
2311 4241 2380 4294 25
2406 4240 2718 4294 tricennarii

465 4325 541 4391 K,
596 4326 882 4379 ‘tricenario
919 4327 989 4379 H
1165 4327 1232 4379 27
1269 4327 1683 4396 quadregenerio
1722 4326 1806 4379 H¹
1991 4327 2060 4380 30
2094 4326 2152 4379 111
2190 4327 2349 4380 caelis
2385 4343 2485 4382 om.
2523 4327 2590 4379 K
