3142 5034
538 364 690 421 Paschal.
711 364 834 447 Operis
856 364 928 420 uit.
946 365 984 421 11.
1262 367 1328 433 213

193 558 255 623 est
277 558 513 623 retrorsum.
555 555 648 638 quid
670 559 747 638 est,
769 574 887 635 mare,
912 556 1002 640 qnia
1023 555 1187 639 fugisti,
1209 558 1250 624 et
1269 559 1326 639 tu,

193 660 396 741 Iordanis,
419 656 517 741 quia
538 678 755 726 conuersus
778 677 818 725 as
840 661 1090 728 retrorsum?

237 762 445 847 iluangclicae
475 762 616 829 lectionis
647 782 719 849 ergo
746 768 851 831 textus
881 765 928 831 ita
956 764 1173 848 prosequitur:
1196 760 1324 849 bapti·
1339 766 1378 829 13

193 870 311 931 uatus
341 869 470 931 antem
499 864 712 932 confestim
741 868 926 933 ascendit
955 868 1000 933 dc
1028 884 1141 951 aqua,
1171 870 1210 933 et
1238 886 1325 935 eece

171 969 323 1053 caperti
356 974 450 1035 sunt
482 970 605 1053 caeli,
635 972 674 1035 et
700 970 807 1037 uidit
834 970 1038 1055 Spiritum
1065 970 1137 1036 Dei
1165 971 1327 1037 descon-

193 1073 350 1139 dentem
387 1074 493 1140 sicut
530 1074 753 1141 columbam
788 1075 1020 1141 uenientem
1048 1092 1164 1158 snper
1199 1092 1249 1141 se.
1289 1080 1327 1141 et

193 1196 287 1243 ecce
321 1195 392 1243 uox
431 1179 475 1245 dc
516 1178 638 1245 caelis
677 1174 832 1245 dicens:
866 1178 931 1247 hic
964 1183 1025 1244 est
1057 1178 1186 1245 Filius
1219 1193 1327 1245 meus

193 1280 383 1360 dilectus,
411 1281 451 1347 in
479 1300 554 1365 quo
581 1280 677 1347 mihi
711 1284 809 1349 bene
838 1281 1058 1365 conplacui.
1096 1282 1326 1349 consideremus

191 1384 359 1463 attentius,
382 1389 534 1469 quantum
556 1386 715 1451 reueletur
736 1387 768 1452 et
789 1386 823 1451 in
845 1386 903 1451 hoc
925 1386 992 1452 loco
1008 1386 1203 1470 mysterium.
1237 1387 1326 1469 poct-

159 1499 291 1572 quam
313 1490 398 1555 enim
420 1486 573 1555 Dominus
596 1490 634 1556 de
656 1504 739 1573 aqna
760 1490 939 1573 baptizatus
962 1489 1112 1573 ascendit,
1136 1506 1209 1554 mox
1224 1489 1327 1573 aperti

194 1596 271 1657 sunt
292 1592 381 1658 caeli.
412 1593 564 1676 quomodo
580 1612 652 1659 mox
670 1595 780 1675 aperti,
805 1610 878 1661 cum
893 1591 1027 1679 Christo,
1050 1594 1100 1659 cui
1116 1610 1210 1676 super
1224 1591 1329 1659 sidera

193 1714 319 1778 semper
346 1700 395 1762 est
416 1700 535 1781 domus,
561 1714 733 1779 numquam
755 1696 878 1763 caelum
901 1696 1043 1764 uideatur
1066 1695 1254 1763 obclusum?
1272 1696 1326 1761 sed

194 1796 339 1877 arbitror,
362 1803 515 1882 quantum
536 1802 637 1883 pietas
659 1798 727 1865 eius
743 1798 823 1865 meis
836 1798 977 1867 sensibus
992 1799 1152 1884 adspirare
1167 1800 1327 1883 dignatur,

195 1903 278 1985 quod
306 1902 376 1969 ideo
403 1908 479 1970 tunc
503 1904 605 1987 aperti
632 1907 709 1969 sunt
737 1904 827 1989 caeli,
859 1903 983 1987 qnando
1011 1903 1163 1969 Dominus
1185 1902 1225 1967 ab
1247 1920 1328 1985 aque

159 2029 187 2070 na
194 2003 373 2087 baptizatus
395 2006 547 2086 ascendit,
564 2011 601 2073 ut
615 2007 681 2073 suis
697 2006 875 2073 misericors
889 2006 1015 2075 doceret
1031 2006 1179 2089 exemplis
1195 2004 1325 2083 homini,

195 2109 285 2175 cuius
311 2109 448 2193 effigiem
469 2108 616 2195 sumpsit,
640 2110 798 2177 caelorum
819 2127 916 2195 regna
936 2115 1014 2177 tuuc
1035 2110 1141 2192 pandi,
1159 2126 1237 2175 -eum
1258 2126 1326 2173 me·

193 2212 295 2277 ruerit
326 2212 478 2297 spiritalis
511 2231 611 2298 aquae
643 2214 875 2296 consecratione
905 2212 1060 2297 perfundi
1104 2213 1186 2295 quod
1220 2215 1325 2278 autem

195 2313 334 2397 Spiritus
364 2316 423 2383 Dei
453 2335 547 2399 super
569 2316 696 2382 eumin
718 2318 820 2399 specie
842 2317 1004 2383 columbae
1027 2315 1198 2393 descendit,
1222 2318 1327 2381 osten·

195 2419 283 2483 ditur
315 2420 433 2501 quanta
462 2420 507 2486 sit
539 2420 606 2485 eius
640 2419 774 2496 bonitas,
809 2420 1025 2505 mansuetudo,
1054 2419 1242 2502 simplicitas
1273 2436 1345 2502 per·

158 2520 355 2588 nouolucrem
369 2521 456 2589 fellis
470 2523 715 2589 amaritudinem
728 2542 790 2589 non
806 2523 983 2592 habentem.
1022 2527 1055 2589 et
1069 2542 1108 2589 ne
1123 2520 1329 2603 corporaliter

196 2623 285 2689 uisus
307 2643 374 2691 esse
394 2627 568 2694 nesciretur
589 2628 684 2703 Deus,
707 2644 784 2693 uoce
805 2626 911 2693 Patris
927 2628 1077 2693 asseritur
1089 2624 1240 2692 dicentis:
1263 2624 1328 2689 hic

196 2731 261 2792 est
289 2728 424 2795 Filius
452 2748 559 2796 meus
586 2729 780 2811 dilectus,
814 2731 857 2796 in
886 2750 957 2814 qno
978 2728 1077 2797 mihi
1099 2729 1325 2812 conplacui.

197 2830 374 2913 praeclarus
404 2834 465 2900 iste
494 2833 670 2900 dilectionis
696 2835 827 2901 affectus
850 2835 975 2919 plenam
997 2834 1145 2900 catholici
1168 2830 1328 2919 dogmatis

196 2936 337 3002 continet
366 2935 550 3005 firmitatem
576 2957 732 3022 unamque
759 2938 867 3005 Patris
895 2940 927 3005 et
949 2937 1024 3005 Filii
1052 2936 1237 3023 pronuntiat
1258 2953 1327 2999 esse

298 3119 317 3174 3
333 3118 367 3174 cf.
385 3118 486 3177 Mattla
504 3122 531 3186 3,
550 3122 590 3179 16.
610 3122 642 3179 17

247 3292 263 3343 1
282 3289 352 3360 quod
364 3291 463 3361 fugisti
480 3293 561 3348 HBo
660 3294 678 3349 3
691 3299 756 3363 pest
772 3292 945 3363 prosequitur
962 3308 1013 3349 var
1030 3308 1113 3349 cama
1131 3306 1236 3347 sanam
1254 3306 1328 3349 svau

195 3374 224 3429 R
327 3364 483 3445 baptizatur
499 3379 541 3444 (ns
559 3392 593 3433 cc
610 3380 667 3445 um)
685 3379 714 3434 P
815 3379 874 3434 dei
892 3378 959 3434 caeli
977 3378 1027 3433 Bo
1129 3376 1287 3432 dcolumba
1303 3378 1333 3432 P

194 3459 358 3516 colummeus
381 3461 424 3516 Ηι
446 3478 517 3517 corr.
538 3463 571 3518 io
597 3480 650 3535 mp.
668 3468 740 3520 Μ
842 3464 859 3519 9
881 3463 1132 3519 attentius-enim
1154 3478 1203 3519 orn.
1228 3462 1264 3518 Η

196 3545 231 3599 10
247 3546 371 3601 dominus
388 3564 440 3603 oca.
458 3549 486 3604 P
551 3539 749 3637 'baptizandus
760 3550 809 3604 Ps
822 3566 893 3606 corr.
912 3624 925 3632 ·
981 3552 1012 3605 11
1027 3550 1097 3618 cum]
1111 3549 1260 3619 suntHBo

195 3668 230 3722 12
247 3639 322 3753 semp
338 3666 367 3721 P
457 3677 561 3737 sempor
578 3673 622 3723 est
638 3684 689 3725 om.
707 3648 801 3725 Ho'
858 3644 926 3725 caeli
941 3670 974 3737 P,
1000 3670 1069 3725 caeli
1086 3670 1114 3725 B
1217 3669 1356 3733 uideturv

193 3784 273 3843 RHo
349 3788 485 3843 occlusum
498 3789 526 3845 R
537 3805 560 3857 c¹
573 3805 608 3845 cc
619 3789 637 3844 b
649 3806 721 3846 corr.
800 3791 833 3846 13
845 3790 870 3845 ei
883 3791 911 3845 P
982 3762 1115 3877 adspirare
1127 3788 1162 3843 Η
1169 3804 1239 3845 corr.
1252 3806 1285 3843 m.
1298 3792 1327 3854 2,

194 3906 314 3975 aspirare
335 3908 389 3965 PR
489 3910 525 3963 14
546 3882 652 3979 quadie
674 3911 703 3965 P
716 3927 735 3964 n
752 3928 771 3965 c
788 3913 861 3967 m.2
963 3910 1087 3966 dominus
1105 3909 1286 4009 ascenditq‘

195 4010 230 4063 16
246 4009 345 4078 pandi*
359 4012 476 4079 (ccccc)
490 4010 527 4076 R,
556 4012 652 4083 pandit
668 4012 702 4067 Η
788 4014 819 4067 17
838 4012 1046 4069 consecrationis
1063 4012 1091 4066 P
1174 4012 1208 4067 18
1225 4014 1327 4098 speciae

194 4113 372 4169 Ptcm.2
467 4115 603 4171 ltciP‘
679 4104 1104 4173 aouolucaicffacctm.a
1197 4114 1326 4185 21patre

194 4217 270 4290 uocis
287 4217 315 4272 P
412 4190 527 4273 aseritnr
544 4218 580 4271 H
678 4218 713 4272 22
730 4234 796 4288 quo-
817 4218 955 4288 conplacui
973 4218 1007 4285 P,
1038 4216 1209 4288 complacuilll
1227 4217 1262 4272 Η

193 4302 229 4357 23
245 4302 324 4371 plena
340 4302 369 4357 B
972 4333 974 4339 ,
