3142 5034
232 340 296 407 246
729 339 861 393 Sedulii

234 548 337 605 curua,
367 528 511 594 uultibus
540 529 700 613 inclinata,
723 548 905 613 semperque
929 530 1100 613 despiciens
1123 528 1276 597 humilem
1298 550 1364 597 cer-

233 654 296 700 nua
326 632 520 716 depressione
549 632 708 698 tellurem.
752 652 830 716 quae
867 634 993 699 Domini
1022 632 1194 699 uirtutibus
1227 634 1365 699 alleuata

233 739 305 820 post
325 738 394 802 octo
417 736 504 821 iuges
525 755 622 803 annos
646 756 682 803 ac
704 737 812 803 decem
835 738 984 803 membris
1001 741 1108 803 erecta
1121 740 1279 821 suspensis
1294 756 1364 803 oae-

233 846 299 919 lum
337 842 444 906 tuetur
476 858 512 907 ac
545 840 648 908 sidera
676 841 867 924 globumque
901 842 975 907 solis
1006 842 1167 909 ardentem
1196 842 1365 926 aliquando

232 944 445 1010 reminiscitur
466 964 498 1008 se
521 944 648 1010 uidisse.
690 944 765 1025 quid
789 944 912 1009 differat
935 944 1020 1009 idola
1043 945 1179 1011 colentes
1208 944 1363 1011 aduertite
1385 974 1402 1015 ε

232 1049 314 1113 inter
342 1047 454 1131 Deum,
484 1066 578 1129 quem
607 1047 728 1129 fugitis,
759 1050 792 1111 et
822 1048 1016 1131 daemonem,
1048 1068 1139 1129 quem
1171 1048 1311 1129 placatis,
1336 1048 1364 1114 si

231 1150 351 1235 placari
371 1155 479 1215 tamen
501 1152 528 1215 is
551 1152 659 1232 possit,
681 1151 735 1233 qui
757 1151 878 1217 laedere
901 1170 962 1216 non
986 1152 1118 1215 desistit.
1150 1170 1256 1215 omnes
1279 1152 1365 1217 enim

232 1272 309 1337 quos
331 1254 386 1318 ille
406 1254 542 1336 possidet
565 1254 795 1337 opprimuntur,
817 1273 892 1338 quos
908 1254 1049 1321 Christus
1072 1258 1143 1337 iugo
1159 1256 1365 1321 suauissimae

187 1394 192 1403 ι
232 1358 373 1422 leuitatis
396 1361 503 1423 onerat
530 1359 719 1423 alleuantur.

183 1485 220 1547 18
254 1478 352 1544 ÷Iude
380 1497 451 1543 cum
482 1479 633 1563 populum
662 1480 695 1543 iu
718 1479 840 1545 deserta
863 1498 929 1545 sese
958 1484 1155 1562 prosecutum
1182 1483 1219 1544 ut
1240 1479 1364 1563 Moyses
1373 1511 1401 1553 10

232 1580 355 1666 typicus
377 1584 410 1647 et
431 1582 584 1665 propheta
611 1601 703 1647 uerus
732 1583 887 1665 aspiceret
915 1582 1044 1665 antiqua
1066 1582 1171 1648 uictus
1193 1582 1362 1648 sterilitate

232 1685 371 1760 deficere,
395 1686 529 1751 maxime
551 1684 705 1751 mirandis
727 1687 858 1769 antiqua
874 1685 986 1751 solatia
1000 1684 1157 1767 repararit
1173 1686 1360 1770 augmentis.

231 1793 308 1877 tunc
334 1787 490 1871 siquidem
519 1788 717 1872 repentinam
747 1792 865 1859 multae
904 1789 1041 1855 uolucris
1071 1808 1204 1868 carnem,
1230 1789 1361 1854 duorum

231 1896 322 1958 modo
352 1892 487 1975 piscium
515 1894 691 1958 redundare
720 1894 795 1959 fecit
819 1892 1047 1977 quantitatem
1074 1893 1151 1957 tuuc
1172 1892 1361 1957 uberrimum

231 1995 317 2061 caelo
332 2014 445 2060 manna
459 1994 595 2073 diffudit,
615 1998 705 2063 modo
723 1995 859 2081 quinque
874 1995 1008 2079 panibus
1030 1996 1208 2061 distributis
1229 1995 1361 2077 totidem
1373 2030 1398 2071 rs

230 2098 372 2165 uirorum
407 2098 537 2164 milibus
572 2100 679 2183 epulas
709 2100 865 2166 abundare
897 2098 1059 2165 concessit.
1103 2102 1224 2165 ceterae
1253 2102 1361 2167 modus

230 2200 343 2269 turbae
369 2201 497 2267 delituit
514 2202 681 2269 mulierum
695 2202 960 2286 paruulorumquo
975 2200 1182 2270 multitudiue
1197 2222 1359 2269 numerum

229 2323 291 2370 nou
313 2304 458 2372 habente.
499 2307 641 2389 quodque
657 2310 766 2391 magis
789 2305 926 2387 amplius
950 2304 1114 2371 admireris
1136 2306 1277 2391 quisquis
1300 2308 1362 2371 ista

228 2407 406 2494 perlegeris,
429 2408 456 2473 si
478 2410 611 2475 necdum
633 2408 692 2474 tibi
715 2410 792 2475 nota
814 2408 972 2485 didiceris,
996 2414 1067 2491 post
1090 2411 1251 2493 expulsam
1274 2415 1362 2475 satu·

228 2515 315 2579 ratae
336 2512 435 2599 plebis
465 2512 601 2579 esuriem
628 2513 776 2596 cophinos
798 2511 907 2579 ablata
930 2512 1093 2579 duodecim
1115 2513 1401 2597 fragmentorumso

229 2616 328 2681 moles
361 2617 515 2698 impleuit.
558 2634 614 2681 nec
643 2618 734 2682 tanta
759 2616 822 2682 luit
852 2618 940 2698 copia
969 2634 1040 2681 cnm
1068 2617 1205 2698 daretur,
1245 2620 1362 2700 quanta

229 2718 291 2785 fuit
312 2719 347 2784 in
369 2720 510 2803 reliquiis
532 2718 596 2785 iam
618 2720 759 2786 fastidita
781 2739 854 2786 cum
877 2720 1010 2787 tollitur.

283 2976 296 3029 1
315 2977 474 3047 despectans
491 2977 541 3031 Bo
636 2977 654 3031 3
672 2977 745 3031 uices
762 2977 790 3032 P
884 2978 902 3031 4
920 2978 959 3046 ac]
980 2993 1014 3032 aar
1030 2977 1081 3031 boc
1098 2976 1127 3030 B
1221 2977 1239 3030 5
1256 2976 1363 3029 differet

228 3063 264 3119 H
357 3064 472 3119 auertite
489 3064 526 3118 Η
621 3063 637 3117 l
654 3064 742 3119 ledere
760 3064 825 3119 libri
921 3065 939 3119 8
956 3064 1118 3133 oppmuutur
1137 3063 1165 3119 P
1260 3063 1277 3117 9
1295 3063 1362 3116 leui-

228 3152 296 3205 tatis
319 3152 348 3206 P
448 3152 563 3205 honerat
586 3153 614 3206 P
718 3153 752 3206 10
773 3168 811 3206 on
834 3166 963 3210 currere
984 3165 1109 3206 ramere
1126 3166 1162 3204 nr
1179 3164 1289 3205 nvonvs
1306 3164 1361 3203 ers-

227 3267 309 3309 onrvs
327 3254 364 3319 R,
392 3255 426 3309 de
444 3252 548 3308 duobus
566 3254 660 3323 piscib:
679 3257 707 3308 et
724 3254 817 3325 quinq:
835 3254 925 3323 panib:
944 3255 1033 3308 turbis
1052 3236 1123 3323 pas*
1140 3254 1178 3317 H,
1208 3253 1242 3307 In
1261 3254 1362 3307 deserto

229 3336 334 3393 duobus
346 3338 466 3407 piscibus
478 3342 506 3393 et
517 3340 633 3409 panibus
646 3339 739 3394 turbas
752 3340 839 3408 pascit
857 3358 873 3395 o
973 3342 1003 3395 11
1023 3346 1121 3395 uemnt
1140 3341 1167 3394 P
1263 3340 1362 3408 aspiret

229 3426 298 3480 Par.
390 3428 542 3497 antiquae
627 3428 693 3493 fort.
712 3428 815 3482 uictum
907 3429 1057 3482 sterelitate
1075 3428 1102 3481 B
1194 3427 1226 3481 12
1243 3428 1358 3480 maxime

229 3512 359 3587 mirandis
378 3514 491 3583 antiqua
507 3516 614 3584 scripsi,
644 3515 776 3568 maximus
794 3514 908 3582 antiqua
926 3516 959 3581 P,
988 3516 1103 3569 maxime
1122 3512 1307 3582 mirantilqua
1325 3512 1361 3576 R,

228 3602 345 3654 maxime
356 3602 470 3654 miranti
482 3603 595 3670 antiqua
612 3601 655 3666 Η,
685 3601 810 3654 maximis
825 3602 937 3668 antiqua
954 3600 1005 3655 Bu
1091 3600 1187 3653 solatio
1205 3600 1233 3653 P
1316 3614 1362 3651 au·

228 3685 367 3741 mentisB
458 3688 491 3741 13
503 3687 567 3752 fort.
581 3704 687 3741 carnem
698 3686 772 3741 dedit
784 3686 820 3753 cf.
838 3686 927 3742 Carra.
940 3702 964 3740 o.
975 3689 1029 3741 211
1117 3685 1150 3740 14
1160 3684 1238 3739 modo
1250 3685 1361 3737 duorum

230 3771 311 3829 BHo
385 3774 496 3851 ¹iecerit
514 3774 605 3830 PRH
697 3774 730 3828 15
747 3764 891 3841 mugno‘P
986 3772 1019 3827 16
1036 3772 1193 3826 habundare
1211 3772 1295 3826 PHB

228 3860 307 3915 modo
320 3859 359 3928 H,
386 3867 503 3917 motuso
596 3861 628 3914 17
645 3860 739 3914 delicti
750 3865 783 3914 ut
795 3861 830 3925 P,
857 3858 1008 3913 dilituitH
1098 3859 1282 3928 paruullorum
1295 3874 1362 3927 quae

228 3946 263 4013 P,
280 3948 503 4017 paruolorumque
516 3948 576 4002 ΗΒ
653 3945 857 4000 multitudinem
869 3945 929 3998 ΗΒ
1010 3945 1043 3999 18
1054 3943 1197 3999 habentem
1210 3944 1292 3999 PHB

229 4033 283 4087 iam
308 4032 415 4088 mireris
441 4035 476 4101 P,
506 4032 657 4087 ammireris
683 4032 771 4087 ΕΗΒ
876 4032 916 4085 ita
944 4031 978 4084 H
996 4032 1053 4085 Ool.
1158 4031 1191 4085 19
1217 4030 1363 4099 perlegerit

229 4119 257 4173 P
360 4120 468 4189 expulsa
490 4121 518 4175 P
618 4122 739 4173 saturato
762 4119 797 4185 P,
828 4119 974 4173 saturitate
996 4118 1032 4171 H
1131 4117 1165 4171 20
1188 4117 1305 4171 exuriem
1329 4118 1363 4182 P,

227 4206 391 4261 esurientem
410 4207 446 4260 H
528 4206 647 4277 quofinos
665 4206 693 4261 P
778 4205 986 4261 fracmentorum
1004 4206 1064 4259 PH
1154 4206 1185 4258 21
1205 4203 1365 4258 condar-etur

231 4292 265 4356 P,
289 4307 311 4345 c.
323 4291 399 4346 daret
411 4293 444 4347 H
447 4309 464 4347 o
550 4292 584 4346 22
596 4292 706 4361 reliquie
718 4292 780 4346 PH
861 4290 1003 4346 fastidisti.
1016 4292 1064 4346 Bo
1077 4296 1188 4360 (recept.
1200 4292 1294 4357 Areo.)
