3142 5034
568 365 719 435 Remigii
740 366 921 434 expositio.

530 657 590 741 IN
626 655 876 742 HYMNVM
912 657 956 741 ll.

221 865 547 942 Baiolat.i·portat.
584 867 780 927 Secreta-i·
797 867 942 928 caelestia.
986 865 1416 943 eollisepignorev-1—ee
1513 882 1514 897 ¹

178 971 205 1029 .i·
240 971 410 1031 interfectos
442 969 528 1029 filios.
572 970 706 1029 Flexue
735 985 829 1044 genu
860 971 888 1029 ·i·
918 987 969 1044 per
997 987 1083 1045 genu.
1130 971 1307 1031 Centurio

178 1075 285 1134 dicitur
308 1073 346 1132 ·O·
370 1073 501 1134 homines
523 1074 643 1146 hebens,
666 1089 769 1148 graece
792 1074 1030 1135 hecatontarchos
1046 1073 1122 1134 sicut
1137 1075 1309 1135 chiliarchos

152 1176 257 1238 amille
279 1177 409 1237 homines
422 1177 546 1238 habens.
571 1175 653 1236 Ohile
670 1175 760 1237 mille.
798 1177 907 1236 Fletu
934 1177 1137 1252 rogitantis
1153 1177 1180 1235 ·i·
1196 1178 1307 1253 suppli-

178 1279 280 1339 cantis.
318 1281 501 1351 Quaedam
521 1299 553 1340 u·
569 1279 712 1340 mulieres.
748 1278 1030 1341 Cheromirram:
1053 1280 1129 1340 sicca
1151 1284 1307 1356 unguenta,

178 1382 262 1460 quasi
283 1383 419 1443 manibus
442 1383 581 1443 contecta.
616 1384 692 1444 Xeno
722 1400 824 1457 graece
855 1384 972 1456 siccum,
1003 1385 1096 1444 miron
1119 1386 1306 1459 unguentum,

177 1487 244 1547 inde
280 1486 409 1560 xerofagi
435 1487 462 1546 ·i·
486 1488 563 1547 sicca
599 1487 787 1547 comedentes.
835 1486 872 1545 ut
909 1487 976 1546 iude
1013 1488 1149 1562 miropole
1186 1488 1308 1547 taberna
1364 1528 1369 1542 1

177 1590 292 1663 dieitur,
315 1591 366 1650 ubi
387 1591 551 1650 conduntur
572 1591 731 1665 unguenta.
769 1589 850 1648 Idem
873 1591 919 1649 est
941 1591 970 1649 et
992 1589 1192 1664 farnacopole
1216 1591 1307 1652 ferne

139 1695 225 1760 mest
245 1698 434 1769 unguentum,
457 1695 538 1756 ouius
560 1695 727 1755 conditores
750 1696 837 1768 atque
861 1693 985 1754 cultores
1001 1693 1136 1768 mirooopi
1152 1696 1304 1756 uocantur.

177 1798 264 1859 Ghira
293 1815 396 1874 graece
425 1816 538 1874 manus,
568 1816 655 1873 copes
682 1798 774 1871 labor,
809 1797 875 1858 iude
900 1799 1060 1872 chirocopi3
1083 1799 1150 1858 hinc
1173 1801 1202 1860 et
1225 1799 1306 1873 copia

175 1901 292 1980 dicitur,
308 1901 377 1977 quia
387 1903 480 1963 omnis
491 1901 658 1962 substantia
669 1917 704 1960 ex
714 1902 814 1962 labore
826 1902 952 1962 constat.
969 1901 1015 1960 Sic
1026 1901 1183 1976 bibliopole
1201 1901 1305 1961 dicitur

175 2006 266 2079 locus,
300 2006 350 2065 ubi
384 2006 452 2066 libri
483 2004 656 2077 uenduutur,
692 2021 812 2078 quorum
846 2006 1011 2065 conditores
1050 2005 1125 2065 Sosii
1152 2005 1303 2068 uocantur.

176 2109 273 2168 Sanna
294 2111 341 2169 est
362 2108 506 2171 obscenus
528 2111 642 2188 sonitus
665 2109 789 2182 narium,
811 2111 889 2170 unde
910 2111 941 2170 et
961 2126 1013 2184 pro
1029 2107 1163 2170 irrisione
1178 2108 1302 2183 ponitur.

138 2211 355 2282 1⁶Veuditus
377 2231 409 2273 e·
423 2230 443 2272 a
456 2213 538 2274 Inda.
571 2212 708 2272 Leonis
723 2212 886 2286 pessimi.
912 2213 969 2274 Leo
985 2211 1091 2274 dicitur
1106 2215 1176 2274 deus
1191 2213 1305 2286 proptor

175 2315 383 2390 fortitudinem,
406 2319 436 2376 et
457 2316 502 2376 leo
526 2316 658 2376 diabolus
679 2319 799 2392 propter
822 2316 983 2377 saeuitiam.
1062 2331 1064 2335 ’

226 2605 244 2660 4
270 2575 480 2660 ἀωῖοητατοὴοε
507 2607 535 2659 A
639 2606 654 2658 7
681 2606 750 2660 miro
775 2607 933 2672 nungnentu
959 2606 987 2657 A
1092 2605 1124 2658 16
1150 2604 1302 2672 saeuitiam]

173 2689 237 2743 finit
253 2690 282 2744 A
