3142 5034
96 421 101 430 ἱ
219 433 283 501 150
730 442 836 496 Index

333 631 395 692 XV.
422 631 463 691 De
492 634 636 707 potestate
664 634 845 695 curationum
877 636 1027 712 discipulis
1060 642 1138 701 data.
1184 640 1227 720 (v.
1253 640 1342 721 158.)

320 735 395 794 XVI.
422 734 465 795 De
487 753 575 795 manu
596 736 680 796 arida
701 738 732 798 iu
748 754 897 830 synagoga
911 740 977 800 ilico
992 744 1140 806 restituta.
1189 744 1230 823 (v.
1255 742 1341 823 182.)

302 837 396 901 XVII.
422 837 464 897 De
487 840 567 899 caeci
589 856 625 925 ac·
643 841 716 899 muti
738 844 886 903 sanatione
908 844 1038 906 lunatici.
1087 844 1128 924 (u.
1151 844 1240 929 189.)

286 941 395 1001 XVIII.
421 942 464 1101 {le
485 944 636 1108 leggc)tione
675 944 804 1004 mulieris
843 962 896 1019 per
927 964 1016 1009 annos
1048 948 1151 1011 XVIII
1194 952 1343 1012 curuatae.

433 1045 459 1090 u.
547 1075 554 1090 .
1364 1052 1380 1093 s

267 1128 392 1192 XVIIII.
419 1131 462 1190 De
485 1133 610 1205 quinque
631 1132 754 1205 panibus
777 1135 806 1193 et
825 1135 934 1195 duobus
954 1136 1081 1210 piscibus
1096 1138 1169 1199 uiris
1185 1136 1211 1199 V
1225 1138 1344 1199 milibus

421 1216 569 1278 saturatis.
615 1218 654 1292 (v.
678 1220 761 1294 207.)

333 1318 394 1383 XX.
421 1320 463 1379 De
485 1319 682 1380 ambulatione
705 1320 818 1381 Domini
840 1340 926 1397 super
942 1342 1032 1398 aquas
1048 1327 1076 1385 et
1091 1326 1178 1386 Petro
1193 1328 1345 1401 mergente

420 1407 536 1467 Domini
557 1423 643 1465 mauu
665 1406 769 1467 leuato.
816 1410 856 1482 (v.
880 1408 965 1487 219.)

318 1508 394 1571 XXI.
421 1509 464 1567 De
487 1510 599 1568 cunctis
621 1509 651 1568 in
667 1510 793 1569 Genesar
815 1509 940 1572 infirmis
962 1515 1075 1573 sanatis
1097 1514 1228 1575 fimbriae
1251 1514 1384 1577 domi-rc

420 1598 500 1654 nicae
522 1597 611 1656 tactu.
657 1594 698 1675 (v.
723 1594 809 1673 236.)
1221 1601 1226 1609 “

304 1697 396 1761 XXII.
423 1698 465 1758 De
495 1699 556 1758 iilia
584 1698 755 1759 Chanaueae
785 1720 803 1760 a
832 1702 980 1761 daemonio
1008 1702 1140 1764 liberata.
1190 1702 1230 1782 (u.
1253 1702 1341 1785 242.)

288 1803 396 1864 XXIiI.
424 1803 465 1967 {le
488 1804 681 1968 2{messorum
720 1804 809 1863 totius
853 1804 932 1879 uulgi
978 1806 1126 1866 curatione
1170 1808 1343 1869 morborum.

437 1907 463 1951 v.
554 1935 560 1947 .

272 1992 395 2054 XXIIII.
423 1993 465 2052 De
498 1993 636 2053 saturatis
665 1994 728 2053 IIII
760 1994 878 2053 milibus
911 1996 1038 2054 uirorum
1071 2013 1105 2055 ex
1131 1994 1188 2055 VII
1220 1996 1382 2070 penitusne

420 2079 575 2155 paucisque
597 2080 755 2153 pisciculis
803 2078 843 2157 (1.
871 2080 956 2159 257.)

306 2183 393 2244 XXV.
421 2183 463 2241 De
485 2183 738 2257 transfiguratione
762 2183 875 2242 Domini
898 2186 928 2243 et
950 2185 1048 2259 Moyse
1069 2184 1179 2257 pariter
1201 2182 1344 2259 Helieque

420 2272 590 2329 monstrato.
638 2268 679 2347 (1.
703 2269 789 2348 273.)

290 2370 394 2433 XXVI.
421 2373 463 2538 {le
485 2372 611 2537 lssrrgrgtho
634 2373 783 2432 cuiusdam
806 2370 864 2431 filio
886 2370 979 2447 patris
995 2371 1203 2447 supplicatione
1218 2373 1342 2432 saluato.

436 2476 464 2519 u.
553 2504 559 2517 .
1352 2484 1383 2527 ro

275 2560 395 2624 XXVII.
424 2562 465 2620 De
487 2562 596 2621 statere
618 2562 732 2634 reperto
755 2561 787 2620 iu
810 2577 858 2620 ore
880 2561 969 2634 piscis
986 2560 1021 2619 ad
1039 2560 1206 2620 soluendum
1221 2560 1345 2621 Domino

421 2647 538 2706 iubente
561 2647 710 2707 tributum.
757 2645 799 2725 (v.
825 2644 910 2724 313.)

262 2750 397 2814 XXVIII.
424 2750 465 2809 De
502 2766 534 2809 eo
568 2752 642 2824 quod
676 2749 826 2825 discipulis
859 2751 894 2809 de
926 2750 1053 2823 primatu
1087 2750 1344 2824 percunctantibus

420 2835 557 2895 humilem
580 2836 652 2894 dixit
673 2836 735 2895 iore
757 2836 904 2897 maiorem.
953 2840 995 2916 (v.
1019 2833 1105 2913 320.)

244 3042 393 3103 XXVIIII.
419 3044 462 3103 De
484 3043 636 3103 sanatione
658 3042 813 3101 multorum
836 3043 866 3100 et
888 3041 1028 3100 diuItibus
1044 3042 1150 3101 camelo
1169 3042 1383 3117 comparatisrs

421 3133 506 3204 atque
529 3128 716 3203 eleemosynis
738 3126 887 3186 iaciendis.
933 3125 998 3207 (lib.
1020 3128 1071 3188 IV.
1095 3146 1121 3187 v.
1148 3128 1190 3202 1.)

309 3232 395 3294 XXX.
422 3232 464 3394 {le
489 3231 603 3395 giiuofus
633 3231 727 3290 caecis
756 3231 943 3305 poscentibus
967 3250 985 3290 a
1007 3231 1128 3291 Domino
1151 3230 1342 3292 inluminatis.

437 3336 464 3377 v.
532 3362 538 3376 .

293 3420 395 3480 XXXI.
421 3420 464 3479 De
501 3420 649 3478 sanatione
686 3433 835 3477 caecorum
872 3416 1092 3493 alendorumque
1125 3418 1281 3479 multorum
1314 3421 1346 3479 et

421 3505 548 3566 arefacta
577 3507 664 3565 uerbo
686 3503 818 3564 ficulnea.
866 3502 906 3581 (v.
929 3502 996 3584 40.)
1353 3538 1383 3579 ω

275 3608 395 3671 XXXII.
421 3609 564 3669 De.muto
587 3606 700 3667 reddita
722 3608 859 3667 daemone
881 3606 966 3681 pulso
989 3608 1124 3683 loquella.
1169 3604 1212 3687 (u.
1235 3609 1301 3684 57.)

259 3712 393 3773 XXXIII.
422 3714 463 3772 De
497 3710 623 3771 dimissis
656 3710 769 3769 mulieri
801 3712 938 3784 peccatis,
974 3728 1046 3785 quae
1070 3710 1227 3771 dominicos
1256 3712 1345 3787 pedes

421 3798 534 3859 leuauit
555 3796 680 3856 lacrimis
701 3797 839 3869 torsitque
862 3796 985 3870 capillis.
1032 3794 1072 3877 (u.
1095 3797 1158 3871 64.)

268 4068 418 4123 3111111111
435 4067 469 4120 Η
568 4066 585 4119 6
607 4053 683 4120 V:
699 4064 724 4121 V
742 4066 852 4119 milibus
871 4082 921 4120 om.
939 4067 974 4119 H
1073 4065 1107 4118 10
1129 4064 1158 4118 iu
1176 4080 1226 4123 cm.
1246 4064 1280 4118 K

219 4189 252 4243 12
269 4160 283 4273 ξ
300 4189 333 4244 Κ
423 4190 457 4244 15
473 4188 572 4243 saturis
590 4190 716 4257 quattuor
733 4188 812 4243 milia
828 4188 863 4243 H
950 4188 982 4241 17
1000 4201 1072 4239 more
1089 4186 1128 4252 H,
1156 4201 1228 4241 mose
1246 4185 1280 4238 K

218 4292 321 4362 cliaque
347 4293 380 4347 Η
491 4291 524 4346 25
551 4308 707 4361 comparans
733 4293 767 4347 K
879 4290 913 4344 26
940 4289 1086 4344 elimosinis
1112 4290 1155 4353 K,
1192 4289 1347 4344 elemosinis

217 4397 253 4452 H
350 4396 384 4450 er
403 4396 469 4449 eccs
487 4406 503 4449 a
521 4377 579 4449 c'n‘o‘
592 4396 625 4449 n
725 4397 758 4450 31
782 4394 890 4464 loquele
908 4394 939 4447 11
1040 4394 1075 4447 32
1092 4394 1227 4462 peccantis
1245 4392 1279 4446 K
