3142 5034
240 417 268 462 II

241 602 298 650 sua
319 584 410 668 poeta
431 585 497 648 sius
512 580 685 647 Macedonii
708 599 840 646 censura
862 581 974 646 tetrica
996 581 1163 646 deterritus
1184 584 1251 647 siue
1269 586 1371 649 morto

241 690 440 771 praematura
461 676 631 768 impeditus
653 685 720 767 ipse
743 683 878 748 edidisse
908 683 1042 760 uidetur,
1066 684 1220 766 siquidem
1235 684 1367 752 Carmen

241 789 434 874 indigestum
456 793 488 853 at
511 788 544 852 in
560 787 689 853 cartulis
705 786 857 868 scriptum
871 793 980 869 postea
1002 787 1186 852 Tuccium
1207 788 1367 854 Rufium

240 891 438 958 Asterium
451 891 646 956 exconsulem
655 890 827 971 (consulem
839 891 913 956 anni
925 889 988 955 494
999 908 1029 971 p.
1039 889 1108 954 Chr.
1120 893 1164 970 n.)
1177 891 1367 957 ordinarium

241 1000 334 1078 atque
355 995 524 1078 patricium
547 995 586 1058 ad
609 1012 733 1059 omnem
756 995 945 1078 elegantiam
968 996 1124 1060 ordinasse
1146 996 1177 1058 et
1198 995 1237 1058 ad
1259 996 1369 1078 legen-

240 1099 321 1164 tium
343 1099 513 1164 utilitatem
537 1097 714 1179 publicasse
737 1097 927 1162 testimoniis
940 1098 966 1180 ¹)
989 1099 1021 1162 in
1037 1097 1193 1163 codicibus
1215 1098 1366 1163 uetustis-

240 1202 329 1268 simis
352 1201 550 1267 exstantibus
569 1190 720 1266 docbmur.
755 1199 844 1266 ldenr
860 1199 978 1266 Sedulii
1001 1205 1033 1264 et
1055 1219 1215 1265 musarum
1236 1201 1365 1281 amicus,

241 1324 312 1371 cum
335 1305 464 1371 ecclesia
478 1304 620 1370 Romana
644 1323 793 1369 canonem
815 1303 968 1369 librorum
991 1323 1148 1369 sacrorum
1164 1309 1244 1370 esset
1260 1305 1365 1370 condi·

121 1473 123 1478 .
239 1411 310 1476 tura
332 1409 448 1475 Sedulii
478 1408 606 1474 ‘ueracis
634 1411 742 1490 poetae
765 1404 860 1474 diota'
889 1410 1004 1473 iterum
1033 1408 1167 1473 edidisse
1190 1408 1222 1472 ct
1244 1407 1368 1472 Gelasio

238 1530 337 1595 papae
360 1510 518 1577 dedicasse
540 1511 674 1594 uidetur,
697 1510 731 1575 id
753 1511 836 1592 quod
858 1530 894 1576 en
917 1511 1142 1595 epigrammate
1163 1510 1218 1575 illo
1242 1512 1366 1588 dedica·

239 1617 319 1683 torio
336 1614 360 1698 ²)
384 1613 599 1682 concludimus
611 1613 649 1696 ³).
689 1613 807 1679 Gelasii
836 1632 909 1680 uero
931 1615 1089 1680 decretum
1111 1617 1149 1680 de
1174 1613 1264 1678 libris
1286 1614 1366 1679 reci-

240 1718 364 1801 piendis
386 1719 436 1783 uel
458 1735 520 1782 non
544 1717 741 1800 recipiendis
764 1717 846 1799 quod
869 1736 948 1782 anno
970 1716 1035 1782 495
1056 1718 1109 1781 uel
1130 1716 1194 1782 496
1216 1717 1366 1800 prodiisse

238 1824 349 1888 harum
373 1839 478 1886 rerum
494 1819 567 1884 sciti
583 1823 783 1898 contendunt,
814 1819 936 1885 Sedulii
952 1838 1075 1885 carmen
1091 1819 1124 1884 in
1139 1819 1222 1885 hunc
1236 1822 1365 1886 modum

239 1925 390 2010 approbat
412 1927 444 1988 et
467 1922 624 1988 collaudat
649 1926 687 2006 (c.
712 1923 783 2003 34p:
817 1923 900 1986 Rem
927 1922 1121 1988 uenerabilis
1148 1923 1215 1986 uiri
1242 1921 1367 1989 Sedulii

233 2027 388 2110 paschale
409 2045 497 2108 opor,
521 2025 602 2108 quod
623 2025 757 2090 heroicis
772 2025 938 2106 descripsit
954 2025 1105 2105 uersatus,
1127 2025 1249 2109 insipat
1271 2025 1367 2091 laude

233 2131 459 2215 praeferimus.
509 2128 578 2210 Qua
614 2129 730 2194 summi
766 2128 924 2212 pontificis
961 2129 1179 2212 approbatione
1217 2131 1364 2194 carminis

237 2230 399 2300 Seduliani
427 2235 495 2298 laus
522 2235 585 2298 iam
608 2235 701 2298 antea
723 2234 910 2317 peruulgata
932 2252 1047 2316 magna
1070 2235 1150 2315 cepit
1173 2233 1365 2298 incrementa

238 2339 277 2404 ab
309 2339 354 2404 eis
382 2336 556 2424 praecipuo,
587 2355 662 2422 quos
691 2336 824 2402 antehac
846 2336 966 2403 Sedulii
995 2335 1202 2402 imitationem
1225 2335 1364 2420 Vergili-

237 2460 330 2508 anam
352 2442 460 2523 utpote
482 2442 591 2522 poetae
613 2439 740 2523 gentilis
763 2440 954 2522 improbasse
971 2442 1018 2504 est
1040 2439 1219 2505 uerisimile.
1250 2437 1364 2504 Omnia

236 2545 348 2612 abhinc
380 2546 443 2610 fere
477 2545 600 2610 saecula
634 2543 753 2611 Sedulii
788 2544 994 2609 seruauerunt
1025 2545 1217 2609 memoriam.
1256 2544 1361 2626 Atque

235 2667 298 2714 non
321 2651 420 2714 multo
443 2653 512 2732 post
528 2648 647 2713 Asterii
667 2648 837 2713 editionem
859 2646 1045 2712 Liberius
1068 2651 1099 2711 et
1121 2647 1363 2712 Bellesarius

238 2753 302 2834 (uel
325 2752 427 2837 potius
450 2751 634 2817 Liberius
657 2750 906 2816 Bellesarius
928 2754 964 2813 ut
987 2749 1132 2829 arbitror)
1146 2747 1173 2833 ⁴)
1202 2748 1363 2816 Sedulium

235 2854 380 2920 uersibus
409 2853 590 2920 acrostichis
618 2871 653 2918 ac
681 2853 854 2918 telostichis
877 2853 955 2918 satis
977 2851 1099 2917 tricosis
1122 2870 1309 2916 exornauere
1331 2853 1363 2916 et
1432 2876 1438 2887 ·

235 2959 409 3037 laudauere‚
433 2977 563 3042 quorum
587 2958 725 3024 carmina
748 2958 941 3023 etiamnunc
963 2959 995 3022 in
1011 2955 1168 3022 codicibus
1184 2955 1360 3021 Sedulianis

234 3063 399 3146 permultis
421 3063 568 3145 leguntur
595 3062 646 3144 (cf.
668 3060 750 3126 infra
772 3082 803 3144 p.
827 3061 915 3145 307).
953 3063 982 3127 A
1010 3060 1134 3124 saeculo
1157 3061 1242 3123 sexto
1262 3051 1360 3139 usque

234 3171 274 3234 ad
304 3168 460 3233 decimum
489 3169 520 3230 ct
547 3168 654 3248 postea
683 3170 870 3246 quantopere
894 3161 1056 3228 Sedulium
1085 3163 1223 3228 auctores
1244 3160 1361 3225 imitati

234 3273 298 3340 sint
325 3272 377 3335 uel
404 3272 520 3351 quanta
548 3286 620 3332 oum
647 3267 741 3331 laude
765 3266 935 3332 citaucrint
958 3285 993 3330 ex
1015 3265 1265 3331 testimoniorum
1288 3281 1361 3328 con·

234 3375 320 3460 geris
342 3373 425 3439 infra
448 3373 488 3455 (p.
512 3371 573 3436 361
590 3370 629 3454 s.)
654 3370 825 3452 composita
847 3369 947 3434 uideri
970 3369 1061 3433 licet:
1094 3387 1173 3451 quae
1194 3368 1216 3432 ii
1239 3367 1293 3450 qui
1314 3367 1360 3431 rei

233 3480 406 3557 litterariae
429 3474 525 3540 medii
548 3476 617 3539 aeui
640 3474 741 3558 magis
764 3473 856 3556 gnari
878 3476 951 3537 sunt
975 3472 1066 3537 facile
1089 3471 1254 3554 augebunt.
1277 3469 1358 3534 Nam

232 3583 368 3665 poetam,
397 3599 489 3663 quom
515 3577 580 3642 iam
610 3575 821 3659 dhilperieum
851 3595 956 3660 regem
983 3575 1144 3641 imitatum
1174 3594 1240 3639 csse
1271 3573 1360 3638 Gre-

338 3773 357 3836 ¹)
377 3767 410 3824 of.
434 3770 574 3822 comment.
599 3782 685 3821 meam
703 3743 729 3835 p.
748 3766 780 3818 31
799 3781 855 3834 seq.
885 3764 1051 3820 Testimonia
1073 3779 1103 3817 eo
1127 3763 1185 3817 loco
1210 3762 1313 3830 prolata
1331 3761 1359 3812 in

233 3856 375 3925 permultis
393 3854 453 3910 aliis
471 3853 613 3916 codicibus,
633 3867 698 3920 quos
717 3849 790 3904 infra
807 3851 944 3916 enarrabo,
967 3851 1103 3918 leguntur.

337 3963 356 4026 ²)
375 3960 409 4013 cl.
428 3958 500 4012 inlra
517 3973 543 4026 p.
560 3958 618 4011 307.

337 4065 356 4130 ³)
375 4063 409 4118 ci.
428 4078 522 4118 comm.
540 4076 626 4114 meam
643 4076 670 4129 p.
688 4059 771 4129 34sq.

336 4169 355 4236 ⁴)
375 4167 408 4221 ef.
433 4181 527 4220 comm.
546 4182 581 4220 m.
604 4180 631 4232 p.
648 4165 690 4217 51.
720 4163 860 4217 Praeterea
882 4161 1032 4216 notandum
1056 4163 1097 4214 est
1119 4159 1149 4212 in
1172 4158 1261 4213 codice
1283 4158 1360 4211 Mon-

231 4254 399 4324 tcpessulano
418 4251 469 4306 362
494 4268 515 4305 s.
534 4249 574 4303 IX
591 4250 768 4304 Bellesarium
786 4249 889 4303 Sedulii
907 4247 1070 4316 discipulum
1086 4246 1220 4299 nominari
1238 4243 1271 4297 ef.
1289 4243 1362 4297 infra

230 4358 257 4412 p.
274 4341 334 4395 307.
