3142 5034
282 389 347 456 334
757 391 939 460 Appendix.

136 608 156 638 v.
172 598 274 640 roe-ss
285 582 549 645 abrenuntiauimus
564 586 597 644 in
613 585 768 660 baptismo.
807 585 942 661 Aperit
965 585 991 644 ·i·
1011 584 1189 658 manifestat,
1205 586 1286 648 illam
1301 587 1410 650 scilicet

281 685 364 761 iram,
391 703 478 760 qnam
508 685 627 748 latebat.
667 688 747 748 Siout
772 689 905 764 superins
928 688 1001 749 dixit
1026 687 1133 748 ‘nubila
1153 690 1258 750 mentis
1282 689 1410 754 habena'.

281 790 439 849 Facinus
450 790 475 849 t·
488 791 592 866 scelus,
608 793 684 866 quod
699 791 793 852 uoluit
808 793 914 867 facere,
931 810 989 853 non
1004 794 1098 867 potuit
1112 792 1258 866 perlicere.
1279 793 1410 855 Christus

280 893 357 952 enim
378 893 415 952 ad
436 895 602 969 Aegyptum
624 895 750 970 fugerat.
773 895 899 956 Facinus
921 897 972 956 ton
994 913 1092 957 meson
1115 898 1170 971 est,
1194 897 1224 955 in
1247 897 1320 956 bone
1335 900 1410 958 enim

280 997 309 1055 ot
345 995 377 1056 in
413 999 487 1056 malo
525 999 655 1073 ponitur.
699 1000 881 1059 Inmerito
919 1001 947 1058 ·i·
980 999 1098 1059 iniuste.
1145 998 1302 1059 Vixdum
1337 1003 1442 1064 sicnte
1557 1011 1559 1024 '

279 1098 418 1171 agedum3
450 1101 574 1160 adiectio
597 1101 740 1178 syllabica
768 1104 815 1163 ast
837 1103 914 1163 dum.
959 1103 1118 1176 Vagitus
1142 1103 1170 1160 ·i.
1192 1103 1301 1178 primas
1325 1119 1409 1164 uoces

279 1200 442 1278 infantium,
470 1204 537 1263 inde
564 1205 747 1279 nagiticanus
776 1207 847 1266 deus
878 1205 993 1282 dicitur,
1022 1206 1072 1281 qui
1100 1207 1216 1281 praeest
1238 1205 1407 1268 infantibus.

279 1306 510 1369 Innumornm
531 1309 637 1369 nefas
660 1310 687 1368 ·i·
710 1310 862 1384 multiplex
884 1311 1043 1384 peccatum.
1089 1309 1231 1370 Orbata
1248 1310 1276 1368 ·i·
1292 1309 1409 1384 priuata

278 1407 347 1470 filio.
392 1410 505 1472 banio
534 1411 562 1470 ·i·
591 1413 726 1476 crudelis.
758 1414 924 1488 Increpatio
946 1416 982 1472 od
1004 1413 1158 1474 Herodem.
1191 1413 1281 1472 Lario
1304 1413 1410 1473 dicitur

278 1513 363 1586 lupus
384 1531 401 1573 a
425 1516 503 1588 lans,
536 1518 605 1590 quia
637 1517 785 1576 interiecit
806 1535 886 1592 oues,
920 1534 989 1576 nam
1022 1517 1133 1576 laniare
1162 1518 1208 1576 est
1237 1515 1441 1583 interficerem

277 1615 410 1677 Alieno
431 1616 470 1680 in
497 1636 648 1695 corpora
672 1621 698 1678 ·i·
720 1621 750 1678 in
773 1621 940 1695 corporibus
955 1622 1131 1691 sanctorum,
1148 1620 1329 1680 sicutPaulo
1345 1621 1408 1694 ipso

278 1719 364 1781 dicit:
387 1720 484 1793 Saule,
508 1721 576 1796 quid
594 1738 639 1782 me
655 1723 858 1798 persequeris?
881 1723 947 1784 Non
964 1723 1037 1784 dixit
1052 1740 1130 1784 meos
1152 1725 1277 1797 sanctos,
1300 1723 1333 1782 in
1356 1723 1408 1784 hoc

277 1823 461 1883 manifestum
477 1828 532 1898 ost,
548 1827 625 1900 quod
642 1828 712 1887 daus
724 1828 756 1888 in
768 1830 877 1888 sanetis
889 1829 1064 1902 martyribus
1074 1827 1194 1902 patitur.
1218 1825 1407 1886 Emeritus

277 1924 303 1982 .i·
327 1926 491 2001 perlectus3
525 1946 635 1988 marera
658 1945 710 2002 per
732 1947 747 1988 e
770 1929 885 1990 breuem
908 1929 1046 2003 dicimns;
1070 1929 1178 1988 milites
1201 1929 1336 1988 dicuntur
1357 1929 1407 2004 qui

277 2030 389 2102 expleto
404 2031 643 2106 quinquagesimo
657 2050 735 2093 enno
750 2034 934 2093 cessabanta
948 2033 1055 2092 militia
1070 2034 1100 2092 st
1115 2032 1237 2091 dabatur
1253 2033 1294 2091 eis
1311 2033 1406 2108 aliqua
1415 2059 1438 2098 15

276 2131 414 2204 dignitas,
444 2135 510 2192 inde
541 2136 677 2196 emeritus
706 2136 812 2196 dicitur
841 2139 919 2197 totus
947 2137 1105 2211 perfectus.
1149 2137 1224 2196 Nec
1252 2153 1352 2196 mora
1379 2137 1405 2194 ·i·

276 2236 338 2295 sine
360 2253 448 2298 mora.
478 2239 634 2312 Postquam
650 2239 781 2299 cbristus
803 2240 941 2300 duodenis
958 2242 1029 2312 erat,
1044 2241 1178 2300 inuentus
1194 2242 1240 2299 est
1255 2239 1406 2313 intemplo

276 2340 387 2400 docens.
411 2341 442 2400 Si
464 2340 571 2416 aliquis
593 2342 670 2402 dicat
692 2342 897 2418 interrogando
919 2359 1007 2418 quare
1023 2343 1127 2404 dixerit
1148 2338 1211 2403 ‘nec
1225 2339 1326 2422 mora',
1343 2360 1405 2402 cunr

275 2461 411 2518 magnum
433 2446 560 2520 spatium
582 2447 621 2506 sit
642 2448 718 2508 inter
740 2448 798 2507 XII
820 2450 849 2506 et
870 2447 948 2506 XXX
970 2463 1069 2520 annos,
1093 2448 1231 2520 quantum
1253 2448 1289 2506 ad
1312 2446 1412 2506 homi-1

275 2564 342 2608 nom
364 2550 500 2623 pertinet,
523 2552 678 2625 respondet
698 2568 750 2626 per
771 2551 958 2627 parenthesin
981 2552 1008 2610 -ίο
1029 2549 1226 2624 interpositam
1250 2549 1435 2616 dictionemw

274 2668 338 2712 cnm
360 2653 597 2728 interrogatione.
634 2654 771 2715 Fluons
794 2655 820 2713 ·i·
844 2672 977 2715 nascens.
1016 2655 1128 2715 Alludit
1150 2657 1245 2728 poeta.
1267 2653 1335 2714 Non
1360 2655 1403 2712 eat

273 2753 386 2828 mirum,
411 2756 514 2832 inquit,
538 2775 626 2832 super
648 2775 680 2818 ss
701 2758 856 2832 prophetat
870 2757 933 2818 sine
949 2775 1089 2831 sermone,
1106 2758 1175 2832 qnia
1189 2759 1301 2832 patrem
1316 2757 1403 2816 babet

272 2860 393 2921 mutum.
438 2861 660 2937 spiramina
703 2862 804 2937 Spirae
838 2862 959 2923 dicimus
995 2861 1190 2921 resolutiones
1227 2859 1341 2921 iunium
1374 2859 1403 2917 in

273 2964 407 3037 nauibus,
430 2964 499 3024 binc
522 2965 681 3040 spiramina
712 2965 853 3039 quaedam
877 2965 947 3024 dicit
973 2966 1072 3024 uocari
1095 2963 1289 3024 resolutiones
1311 2963 1402 3024 ·vr11.

272 3068 422 3128 mansium.
461 3068 569 3129 Verum
590 3069 658 3143 quia
680 3068 735 3128 boc
751 3069 880 3142 exemplo
897 3069 985 3139 caret,
1002 3069 1103 3128 melius
1119 3066 1240 3126 dicimus
1255 3065 1433 3133 taciturnus

273 3171 432 3247 spiramina
470 3173 539 3232 noui
574 3172 683 3232 mensis
725 3171 893 3232 emissiones
931 3173 961 3232 et
997 3171 1238 3244 reciprocationes
1281 3169 1402 3244 spiritus

272 3276 431 3349 propbetas
447 3275 512 3335 sine
527 3292 597 3335 uoce
611 3293 703 3350 nsque
718 3277 755 3336 ad
770 3275 954 3336 arduitatem
969 3275 1118 3336 Iohannis.
1156 3274 1305 3334 Tollere
1328 3289 1402 3332 cnm

272 3377 366 3437 dicit
387 3378 515 3457 exponit,
537 3380 612 3452 qnod
634 3379 706 3440 dicit
726 3380 846 3439 ueniens
869 3380 1019 3454 peccatum
1041 3378 1142 3438 tollere
1165 3377 1274 3438 mundi.
1313 3377 1399 3438 Mihi

272 3481 299 3540 ·i·
323 3482 463 3557 omnibus,
493 3499 525 3543 se
553 3483 628 3542 enim
656 3499 708 3558 pro
736 3482 867 3543 omnibns
890 3484 995 3558 posuit.
1040 3483 1198 3542 Decutit
1221 3477 1247 3539 ·i·
1269 3481 1400 3556 expellit.

270 3585 352 3645 Non
380 3586 587 3646 obfuscata
614 3587 641 3646 ·i·
671 3604 729 3646 non
752 3587 916 3659 denigrata,
939 3601 997 3644 non
1020 3585 1183 3644 obscurata.
1222 3584 1303 3643 Sicut
1325 3583 1432 3647 erimar

270 3688 327 3765 lux,
344 3706 407 3750 cum
422 3689 453 3749 in
467 3691 602 3751 tenebras
617 3690 707 3762 uenit,
724 3691 798 3750 nibil
810 3688 995 3750 obscuritatis
1011 3688 1127 3762 accipit,
1143 3688 1193 3748 sed
1208 3687 1306 3762 potius
1321 3688 1400 3761 ipsas

269 3794 404 3855 tenebras
421 3788 581 3876 <decutit>,
604 3794 646 3853 ita
660 3793 794 3854 cbristus
810 3809 981 3868 quamquam
998 3809 1115 3852 carnem
1133 3790 1269 3866 suscepit,
1291 3789 1401 3848 nullam

269 3898 366 3957 tamen
388 3898 529 3958 maculam
552 3897 647 3957 carnis
662 3897 690 3956 ·i·
705 3897 817 3972 peccati
835 3897 866 3956 in
881 3913 912 3956 se
934 3895 1028 3971 ipsum
1051 3893 1166 3970 accipit.
1195 3893 1357 3953 Attactu
1372 3893 1399 3950 d·

372 4065 387 4117 7
406 4064 439 4120 cf,
456 4067 526 4134 Aug.
546 4065 577 4119 de
595 4081 616 4121 c.
635 4064 678 4120 dei
695 4065 711 4119 I
730 4065 780 4119 155
885 4063 918 4118 12
935 4063 969 4117 ef.
987 4064 1048 4117 Act.
1067 4064 1093 4130 9,
1112 4061 1145 4115 14

320 4220 420 4287 2fort.
438 4236 505 4289 quae
596 4192 725 4290 Spineta
743 4222 768 4288 (r
785 4235 850 4274 am.
862 4221 891 4289 2)
907 4219 935 4274 A
1026 4217 1204 4272 10a1uneA
1294 4215 1329 4271 24
1345 4214 1399 4284 spi·

270 4307 388 4360 rasmina
406 4308 491 4373 (mina
507 4308 540 4361 a'rr
556 4310 624 4377 ras.)
643 4309 671 4362 A
768 4307 802 4361 32
821 4306 934 4376 decutit]
954 4305 1053 4361 addidi
1071 4307 1106 4373 cf.
1126 4305 1217 4361 Uarro.
1236 4321 1260 4359 o.
1278 4305 1330 4358 154
1382 4367 1394 4372 ‚

270 4426 304 4480 ee
321 4399 421 4512 naaion
439 4428 464 4495 (ο
481 4446 500 4484 a
516 4430 594 4498 mc)
613 4430 640 4482 A
