3142 5034
557 453 707 522 Remigii
728 454 909 521 expositio.
1235 457 1296 522 321

172 650 308 710 minibus.
343 649 450 707 Sensus
476 651 534 709 est:
558 649 584 705 si
606 650 638 705 tu
661 647 816 709 deliciosus
839 648 866 705 ·i·
889 647 1018 709 insoleus
1042 648 1168 724 haberis,
1191 654 1223 711 ut
1246 668 1401 717 noae-ec

172 758 265 813 strum
295 769 408 811 carmen
437 752 518 811 flocci
541 751 721 825 pendatura
749 754 780 810 ta
804 768 835 811 eo
861 750 936 825 quod
966 752 1005 810 sit
1034 753 1182 823 modicum,
1214 773 1299 830 pasce

171 858 297 916 animum
321 855 508 916 saecularium
525 858 673 930 poetarum
688 856 873 915 carminibus.
896 854 1009 914 anuou
1025 873 1136 931 graece,
1152 875 1298 918 commuue

170 961 271 1032 latine,
301 959 371 1018 iude
397 975 486 1018 caena
516 958 622 1018 dicitnr
644 975 662 1016 a
683 960 924 1033 communicando,
948 958 1015 1033 quia
1037 959 1079 1019 ibi
1101 959 1202 1021 multis
1224 961 1298 1035 apud

149 1066 306 1139 santiquos
327 1061 520 1137 prandebant,
544 1061 619 1120 sicut
635 1061 662 1120 et
681 1062 845 1140 conuiuium
869 1061 975 1121 dicitur
991 1080 1008 1120 a
1023 1061 1207 1138 conuiuondo,
1224 1067 1299 1140 quod

170 1168 271 1229 Graeci
293 1166 457 1241 sympusion
480 1168 593 1227 uocant.
616 1166 670 1224 Sed
694 1165 792 1224 (licere
815 1166 886 1223 dicit
903 1164 1005 1225 molius
1021 1166 1110 1225 latine
1125 1168 1298 1243 conuiuium,

171 1271 250 1332 ducit
274 1269 496 1341 accnuiuendo,
519 1267 594 1342 quod
612 1268 713 1327 Graeci
735 1267 912 1343 symposium
935 1271 1040 1328 uocant
1062 1286 1079 1327 a
1100 1272 1297 1346 computando.

172 1375 352 1449 Quicquid
382 1373 488 1432 uolat
516 1373 544 1431 ·i·
575 1373 669 1433 omnia
697 1389 808 1447 genera
839 1372 946 1433 auium.
976 1371 1139 1447 Allegorics
1162 1374 1301 1449 loquitar.

172 1480 243 1539 Tros
269 1476 343 1538 sunt
364 1476 473 1549 species
495 1476 704 1551 philosophiae,
728 1492 799 1549 quas
822 1476 869 1535 hic
891 1475 1002 1549 tangit:
1026 1476 1139 1552 Etbica,
1164 1478 1297 1555 Physica,

136 1583 290 1657 ncLogica.
317 1582 372 1641 Per
386 1596 463 1639 maro
478 1579 661 1653 intellegitur
676 1578 782 1636 Ethica
798 1580 825 1638 ·i·
840 1580 1011 1654 inmortalia,
1034 1598 1107 1655 quae
1123 1583 1156 1640 de
1171 1584 1298 1643 moribus

171 1686 319 1747 homiuum
342 1685 488 1760 disputat;
517 1699 569 1758 per
591 1687 698 1742 terram
722 1682 854 1758 Physica,
890 1685 1020 1757 quaeda
1051 1702 1146 1745 rerum
1174 1688 1298 1747 omnium

171 1791 276 1849 natura
304 1790 428 1860 tractat;
457 1802 508 1861 per
537 1788 617 1845 astra
638 1786 747 1860 hogica
769 1787 796 1845 ·i·
819 1786 1011 1860 rationabilia,
1035 1806 1108 1863 quae
1132 1792 1165 1849 de
1189 1792 1298 1852 diuinis

170 1896 257 1953 rebus
287 1878 394 1951 narrat.
440 1890 655 1965 Carpsimus
684 1890 711 1947 ·i·
741 1890 925 1963 sumpsimus.
954 1892 1151 1965 Metaphoram
1183 1898 1298 1956 seruatr

169 2012 221 2070 per
249 1997 365 2055 hortum
392 2011 512 2069 paruum
539 1993 699 2067 ingenium,
729 2010 780 2068 per
810 1994 894 2054 holus
922 1996 1063 2055 modicum
1093 2013 1217 2075 carmen,
1247 2016 1299 2073 per

135 2100 276 2159 alestam
308 2097 411 2172 cc'rpus
445 2099 592 2171 caducum,
627 2097 733 2171 fragile
767 2097 814 2156 uel
843 2098 929 2158 fictile
958 2101 1020 2159 uult
1049 2099 1194 2175 intellegi3
1224 2102 1297 2161 unde

170 2205 336 2279 apostolus:
359 2202 419 2262 Nos
442 2202 579 2262 habemus
603 2204 771 2262 thesaurum
796 2202 994 2263 absconditum
1021 2205 1052 2263 iu
1067 2205 1146 2264 uasis
1162 2205 1298 2265 fictilibus

170 2310 198 2376 ,i·
228 2306 395 2382 corporibus
424 2307 545 2368 nostris.
589 2306 854 2378 Grandisouis,
885 2308 1082 2383 grandiloquis
1112 2310 1297 2370 carminibus.

169 2410 241 2469 Tres
270 2412 337 2469 suut
365 2411 542 2471 caracteres:
572 2409 702 2482 humilis,
732 2410 852 2484 medius,
883 2411 1101 2486 grandiloquus,
1125 2414 1177 2472 hos
1201 2428 1298 2473 omnes

170 2514 313 2587 Virgilius
336 2514 443 2588 tangit.
480 2513 647 2588 Tragioo
670 2514 698 2572 ·i·
722 2514 785 2574 uili.
813 2511 939 2589 ‘Tragos'
964 2517 1039 2575 euim
1061 2533 1171 2590 graece,
1200 2517 1298 2576 hircus

134 2617 277 2696 solatium
300 2617 371 2676 hinc
388 2613 564 2691 ‘tragemata'
582 2633 694 2691 graece,
715 2617 785 2675 uilia
802 2620 981 2696 munuscula,
998 2619 1139 2679 colobidia
1154 2617 1297 2698 hebraice,

170 2720 262 2780 latine
300 2720 430 2783 bellaria.
476 2721 605 2796 (lotae,
641 2737 768 2797 persona
802 2722 910 2781 comica
941 2724 986 2781 est
1020 2725 1095 2798 apud
1126 2724 1297 2787 Terentium.

171 2823 259 2883 Getae
281 2824 339 2898 ipsi
361 2826 430 2882 sunt
445 2822 532 2897 hlysii
553 2824 661 2903 populi,
684 2823 857 2883 ioculatores
876 2824 987 2883 lusibus
1003 2827 1122 2885 nimium
1138 2828 1297 2890 studentes.

172 2928 266 2986 dont
276 2927 359 3000 agia
381 2928 407 2986 ·i·
424 2926 507 3005 uitia,
524 2928 642 2987 scelera.
667 2927 837 3000 contagium
853 2930 898 2987 est
913 2928 1028 2988 morbus
1044 2930 1177 3003 porcinus
1194 2933 1297 3005 dictus,

171 3032 244 3105 quod
272 3030 358 3091 unius
388 3032 523 3090 contactu
551 3031 581 3089 iu
609 3029 707 3104 plures
738 3031 919 3107 diffunditur,
948 3032 1023 3091 idem
1052 3035 1098 3093 est
1127 3036 1156 3092 et
1183 3035 1298 3108 porrigo

134 3150 188 3192 ssa
215 3135 387 3209 porrigendo
416 3151 448 3194 eo
470 3134 545 3208 quod
573 3135 610 3193 ab
642 3152 699 3194 uuo
728 3136 760 3194 iu
788 3136 860 3194 alios
889 3138 1026 3211 porrigat.
1072 3137 1298 3196 Monimeuta

171 3238 199 3296 ·i·
221 3238 443 3310 recordationes,
467 3239 672 3298 monimentum
695 3238 722 3294 ·i·
746 3238 881 3298 memoria
896 3256 928 3298 co
944 3239 1018 3313 quod
1034 3242 1158 3298 mentem
1173 3246 1298 3302 moneat.

170 3339 337 3400 Niliacis
360 3341 487 3402 biblis.
518 3339 603 3401 Nilus
627 3343 671 3401 est
685 3341 812 3416 Aegypti
827 3342 932 3403 fluuius
950 3346 977 3403 et
992 3344 1034 3403 ibi
1049 3344 1144 3404 biblus
1160 3348 1297 3407 nascitur.

172 3442 275 3503 Biblus
298 3444 373 3502 euim
397 3446 441 3503 est
463 3444 553 3504 maior
574 3446 686 3517 iuncus,
709 3446 760 3520 qui
784 3449 813 3505 ct
830 3448 948 3523 papirus
966 3446 1080 3521 dicitur,
1097 3451 1172 3510 uude
1190 3450 1299 3511 fiebant

171 3545 241 3603 libri
263 3546 339 3620 apud
364 3548 505 3621 antiquos.
542 3548 620 3608 Bibli
635 3550 710 3607 euim
725 3564 838 3624 graece,
855 3550 948 3609 latino
964 3550 1040 3612 libri.
1075 3552 1188 3612 Dicitur
1203 3558 1299 3615 autem

134 3644 276 3708 ac‘Nilus'
300 3652 384 3723 quasi
407 3651 547 3711 Neonilus
571 3652 599 3710 ·i·
622 3670 726 3712 nouum
740 3655 859 3713 trahens
882 3653 990 3714 limum.
1037 3655 1130 3716 Odas
1147 3658 1297 3718 blandos.

170 3752 359 3813 Roscnare
381 3755 407 3812 ·i·
431 3772 612 3834 concrepare,
643 3759 718 3817 sicut
746 3758 775 3817 in
804 3759 915 3833 psalmo
945 3760 1068 3834 legitur:
1102 3760 1138 3819 Iu
1160 3763 1298 3835 psalterio

171 3855 347 3916 decachordo
380 3860 502 3933 psallam
536 3859 599 3920 tibi.
645 3860 699 3921 Sed
721 3861 776 3921 hoc
812 3878 868 3923 nou
905 3864 1043 3937 recipitur
1081 3866 1114 3923 de
1149 3865 1297 3938 psalterio,

272 4024 339 4078 601.
353 4024 385 4079 de
397 4041 452 4083 seu.
471 4028 512 4093 13,
529 4028 564 4098 db
646 4030 679 4083 16
698 4030 731 4083 cf.
745 4029 775 4084 ΙΙ
787 4030 846 4085 Cor.
864 4030 889 4096 4,
909 4032 923 4085 7
1001 4033 1034 4085 31
1053 4032 1152 4089 Psalm.
1171 4036 1229 4099 143,
1248 4036 1264 4089 9

223 4179 236 4232 l
256 4167 361 4235 insolens
378 4182 434 4237 AB
536 4185 554 4239 4
574 4186 657 4239 letius
676 4203 725 4241 om.
744 4188 772 4243 Α
876 4188 892 4243 5
911 4189 1072 4259 conuiuium]
1091 4206 1126 4246 sc.
1145 4192 1298 4247 conbibium

170 4286 196 4335 ct
216 4282 381 4346 conhibendo
484 4288 584 4342 multos
606 4289 673 4344 A¹B
777 4291 810 4345 l2
833 4280 922 4360 logica
942 4293 983 4357 A,
1019 4294 1179 4364 astrologica
1203 4297 1235 4351 B.

168 4384 289 4439 rational
306 4388 333 4441 A
374 4455 376 4459 λ
440 4389 474 4443 22
491 4392 562 4445 misu
579 4393 626 4457 11²,
656 4381 737 4480 musii
755 4394 782 4447 Β

218 4506 252 4562 X.
1167 4521 1198 4576 21
