3142 5034
289 397 378 445 XVIII

286 584 385 633 nvun
406 582 521 632 nonun-
538 566 594 648 poi
610 565 717 648 priam
739 565 842 632 laicos
855 569 911 631 etc.
936 563 989 648 (ct.
1011 564 1094 632 iufra
1115 565 1321 633 Ottobiauum
1335 567 1414 650 35).

288 669 433 754 Sequitur
460 669 597 751 epistula
623 668 663 735 ad
689 667 905 736 Macedonium
932 686 1029 752 usque
1056 669 1097 735 ad
1123 670 1218 736 uerba
1238 670 1316 735 dom
1331 688 1412 753 pro-

287 772 402 857 fusius,
425 771 545 855 reliqua
566 770 720 856 epistulae
740 772 889 858 leguntur
905 771 975 856 ⁷⁷⁸3
997 771 1069 838 inde
1089 771 1113 840 f.
1128 774 1167 838 41
1193 789 1412 839 summor

288 911 408 962 nonum
441 911 488 958 uu
519 908 705 959 manevus
731 909 875 959 vurmius
908 877 1085 961 smmis.
1106 891 1275 959 'Dissentit
1306 893 1412 959 textus

288 1009 320 1071 et
342 1006 415 1072 ordo
437 1003 647 1087 capitulorum
669 1001 708 1069 ab
731 1003 781 1084 iis,
812 1023 891 1088 quae
911 1003 994 1071 iufra
1015 1023 1052 1070 ex
1072 1003 1295 1070 uetustioribus
1323 1003 1412 1068 libris

287 1116 437 1185 edidici.
465 1113 558 1182 IDc
590 1113 687 1182 ccccli
714 1115 881 1182 occulato.
920 1114 967 1181 H
990 1115 1028 1182 dc
1060 1114 1216 1181 motum
1246 1120 1276 1182 ct
1304 1133 1414 1180 sorra.

296 1227 380 1294 Vde
407 1225 504 1311 scirpo
530 1225 568 1292 in
594 1225 760 1293 draconem
790 1228 910 1293 conso
933 1225 1001 1292 III
1020 1226 1059 1292 dc
1080 1224 1144 1292 lotia
1166 1231 1194 1292 ct
1214 1227 1282 1291 cios
1302 1244 1411 1292 acore.

286 1338 377 1405 IIII
392 1337 431 1405 dc
451 1338 524 1423 ipae
544 1356 609 1404 ooo
630 1339 761 1404 ordcntc
782 1338 819 1402 io
840 1337 927 1404 rabo.
959 1336 1011 1404 VI
1021 1338 1059 1402 dc
1077 1338 1191 1404 siccato
1204 1338 1291 1403 mori
1305 1338 1411 1406 rubro.

295 1450 367 1517 VII
377 1450 414 1516 de
427 1469 505 1515 mon
530 1451 566 1534 (o
581 1467 618 1516 ex
632 1451 721 1532 corr.)
745 1449 871 1515 coelesti
886 1453 944 1515 eto.
980 1448 1061 1515 Ordo
1083 1449 1227 1517 foliorum
1250 1451 1341 1517 ualde
1364 1454 1414 1515 est

288 1561 448 1629 turbatus:
471 1560 493 1625 f.
510 1559 553 1626 83
567 1563 598 1626 et
613 1560 653 1626 81
676 1559 841 1645 hymnusI
864 1578 935 1626 com
956 1559 1144 1626 carminibus
1166 1560 1330 1628 Bellesarii
1354 1559 1417 1643 (11-

289 1665 322 1730 et
342 1663 413 1748 Ill),
440 1663 464 1729 f.
487 1663 528 1728 87
556 1662 665 1747 hymni
687 1661 721 1728 ΙΙ
742 1682 773 1730 u.
798 1662 901 1728 1-61
929 1662 1088 1748 leguntur.
1125 1665 1171 1730 De
1193 1664 1318 1731 Alcuini
1345 1663 1415 1730 uita

289 1766 476 1834 Antichristi
498 1771 529 1834 et
551 1767 691 1849 reliquis,
713 1784 793 1850 quae
807 1767 840 1832 in
855 1767 957 1833 codice
972 1767 1104 1847 exstant,
1120 1767 1160 1832 ci.
1175 1766 1339 1851 cotolopoc
1359 1765 1417 1831 ctos

290 1870 482 1937 manuscrits
504 1869 542 1935 dc
563 1867 598 1934 to
618 1867 693 1934 alce
707 1869 744 1934 dc
764 1867 1014 1936 Otonrcs1840
1035 1870 1067 1935 et
1080 1869 1182 1953 Perta,
1197 1869 1319 1936 Archiv
1333 1869 1415 1935 VIII

289 1995 318 2059 p.
334 1974 408 2040 386.
442 1971 587 2040 Codicum
620 1991 657 2037 ex
690 1971 751 2038 alio
780 1971 947 2056 exemplari
974 1991 1084 2038 manus
1112 1972 1245 2039 secunda
1273 1972 1415 2051 conexit,

290 2079 329 2143 ad
352 2095 444 2160 quam
468 2074 595 2141 accessit
617 2073 710 2141 tertia
724 2074 776 2153 (of.
793 2073 840 2140 IV
855 2075 940 2160 100).
970 2076 1100 2145 Gloseas
1113 2077 1285 2158 permultae
1299 2077 1333 2142 in
1349 2076 1420 2160 epi·

291 2180 375 2246 stula
396 2181 435 2246 ad
456 2176 672 2244 Macedonium
693 2179 725 2242 et
747 2177 780 2242 in
802 2176 917 2262 hymno
939 2179 964 2243 1.
988 2178 1142 2263 leguntur.

250 2339 279 2404 R
337 2333 438 2402 (lodex
453 2331 722 2416 Sangalleusis
738 2331 799 2398 197
814 2332 933 2398 formae
949 2335 1126 2415 quadratae,
1140 2335 1326 2418 paginarum
1341 2334 1416 2415 398,

292 2439 346 2524 qui
373 2455 457 2504 nuuc
485 2438 533 2502 est
561 2452 632 2502 cum
661 2433 808 2517 quattuor
830 2434 899 2501 aliis
922 2435 1157 2519 conglutinatus
1179 2437 1233 2521 (ci.
1258 2435 1420 2516 Scherrer,

299 2537 498 2609 Vcrcciclacls
511 2537 567 2603 cer
581 2537 658 2603 Hss.
674 2537 730 2603 dor
744 2536 1001 2627 Sttftctottiotlelc
1014 2558 1077 2604 oon
1090 2538 1138 2606 St.
1159 2539 1300 2622 dolica),
1317 2538 1416 2605 conti-

292 2646 346 2712 net
359 2645 380 2710 f.
396 2642 565 2710 soe-397
582 2640 699 2707 Sedulii
720 2641 867 2724 paschale
890 2631 1016 2709 c'ar'meu
1030 2629 1140 2707 intres
1155 2641 1251 2708 libros
1267 2642 1416 2708 diuisum.

292 2745 423 2813 quenci
444 2763 569 2810 carmen
591 2745 703 2826 excipit
724 2744 861 2826 epistula
876 2763 903 2810 a.
919 2744 975 2822 M„
998 2761 1093 2826 quam
1110 2745 1251 2828 sequitur
1265 2743 1321 2810 hcc
1335 2763 1423 2825 opos⁴
1568 2764 1569 2841 l

292 2853 347 2917 ctc.
371 2853 403 2915 et
424 2865 546 2915 carmen
567 2845 696 2926 Interii,
720 2846 832 2914 deiude
856 2844 1006 2912 dedalios
1026 2846 1159 2928 epistola
1181 2847 1411 2914 Macedonio..

293 2972 363 3021 cum
386 2948 530 3035 capitulis
552 2948 627 3015 libri
649 2950 713 3014 Iet
727 2950 760 3015 II
783 2940 829 3016 ab·
845 2949 878 3014 H
892 2952 925 3014 et
939 2948 972 3014 Κ
993 2949 1045 3014 uix
1067 2948 1129 3015 fers
1152 2949 1399 3033 discrepantibus
1407 2971 1421 3034 3v

293 3057 315 3122 f.
338 3055 403 3122 372
423 3054 568 3138 paschale
592 3071 715 3120 carmen
737 3053 859 3138 incipit
896 3051 1032 3136 Paginae
1055 3050 1137 3119 binis
1160 3051 1313 3119 columnis
1336 3052 1421 3117 diui-

294 3177 345 3226 sae
367 3173 513 3224 uersuum
534 3158 608 3221 sunt
630 3155 910 3240 quadragenorum.
946 3154 1025 3221 tium
1043 3150 1261 3239 ‘quaternionis
1289 3154 1420 3238 saptimi

293 3262 404 3328 folium
426 3259 574 3324 ultimum
596 3259 639 3325 sit
660 3259 812 3337 auulsum,
834 3258 944 3343 hymni
958 3259 984 3323 Ι.
1007 3259 1068 3324 duo
1090 3259 1214 3325 tantum
1229 3276 1340 3324 uersus
1363 3277 1421 3325 ex·

295 3364 389 3429 stant
414 3363 465 3427 ‘In
493 3361 601 3428 eodem
633 3361 707 3428 folio
734 3362 891 3427 scribendi
925 3361 1012 3426 lusus
1040 3361 1324 3447 deprehenduntur,
1363 3361 1420 3442 qui

294 3466 414 3532 lusibus
450 3464 571 3531 librarii
599 3463 715 3530 codP
744 3463 819 3529 suut
854 3462 982 3529 similes.
1020 3464 1059 3529 In
1095 3466 1236 3548 margine
1271 3461 1422 3529 interiore

296 3568 489 3651 quorundam
518 3567 664 3632 foliorum
690 3566 815 3631 litterae
843 3566 908 3633 fere
936 3584 1098 3632 euanuere.
1135 3567 1248 3632 Manus
1281 3566 1421 3631 secunda

296 3675 484 3739 correcturas
506 3671 678 3736 atramento
700 3667 867 3736 distinctas
889 3669 1020 3736 addidit.

340 3843 469 3909 Saeculo
491 3841 642 3909 decimo
665 3841 899 3907 adscribunturz

260 3999 281 4064 S
339 3997 440 4064 Codex
462 3994 736 4079 sangallensis
758 3993 823 4060 242
844 4011 915 4080 pag.
933 3992 1007 4071 272,
1030 3995 1084 4075 qui
1105 4011 1185 4058 nuuc
1205 4011 1275 4058 cum
1297 3991 1420 4058 duobus

295 4100 366 4167 aliis
389 4103 435 4166 est
457 4097 700 4183 conglutinatus,
724 4098 861 4165 continet
882 4101 951 4179 post
973 4096 1177 4163 Aldhelmum
1198 4116 1229 4179 p.
1250 4095 1423 4162 168-243

298 4205 416 4270 Sedulii
445 4202 593 4288 paschale
621 4219 745 4268 carmen
774 4201 864 4267 libris
887 4203 1034 4283 quattuor
1055 4199 1192 4265 mulsum
1214 4199 1246 4263 et
1267 4198 1418 4282 hymnum

296 4307 442 4391 primum.
474 4306 532 4371 Hic
554 4303 634 4370 liber
656 4302 768 4388 glossis
793 4321 864 4368 cum
885 4303 994 4370 latinis
1017 4305 1085 4367 tum
1107 4301 1268 4367 theotiscis
1283 4304 1314 4366 et
1336 4301 1422 4366 notis
