3142 5034
284 359 350 425 274
781 357 919 413 Sedulii

285 552 383 635 signis
411 554 456 616 ita
487 550 662 615 manifestis
692 548 827 633 inpulsa,
858 550 983 615 Domini
1013 551 1086 615 Iesu
1115 548 1233 615 Christi
1262 550 1411 615 deitatem

285 654 418 722 credidit
441 654 654 736 adprobatam.
691 652 818 734 quidam
846 655 929 717 enim
951 653 1117 737 strepitum
1139 652 1235 717 fuisse
1256 655 1411 719 tonitruus

286 757 499 835 adstruehant,
525 756 580 821 alii
601 755 740 821 locutum
771 756 837 820 eius
868 758 1014 840 angelum
1036 755 1251 839 disputabant.
1285 774 1302 819 o
1324 758 1411 838 plebs

286 860 383 926 oculis
400 878 472 924 uere
488 878 577 925 caeca
591 863 622 923 et
638 861 727 924 corde
743 858 915 938 durissima,
933 862 971 924 de
986 878 1046 943 qua
1061 858 1250 941 prophetans
1266 860 1312 923 ita
1326 861 1411 924 locu-

285 964 336 1028 tus
358 967 406 1028 est
428 962 552 1027 Esaias:
584 960 816 1027 obcaecauit
838 962 971 1027 oculos
995 980 1122 1027 eorum
1146 965 1183 1026 et
1205 962 1412 1029 indurauit
1438 983 1449 1018 ι

283 1085 349 1132 cor
380 1084 527 1144 eorum,
560 1066 620 1129 uti
652 1084 697 1130 ne
731 1064 894 1131 uideant
930 1065 1059 1130 oculis
1093 1069 1131 1130 et
1164 1065 1411 1150 intellegant

283 1170 398 1236 corde
435 1171 473 1234 et
506 1168 807 1247 conuertuntur,
843 1171 882 1234 et
915 1188 1048 1234 sanem
1081 1188 1157 1234 eos.
1196 1188 1295 1253 neque
1328 1172 1410 1234 enim

284 1273 441 1339 tonitruus
464 1272 624 1338 Christum
647 1273 703 1337 aut
717 1272 845 1355 angelus
862 1275 1000 1338 creatura
1015 1292 1107 1339 suum
1122 1274 1286 1357 generauit
1302 1276 1410 1338 aucto-

282 1393 358 1456 rem,
381 1377 434 1441 cui
456 1376 605 1441 clamanti
626 1374 817 1442 confidenter
839 1376 878 1439 ad
896 1376 1023 1441 Patrem
1045 1376 1118 1441 ilico
1141 1378 1351 1460 respondisset
1374 1378 1411 1441 ut

282 1480 386 1557 Pater,
409 1477 464 1543 sed
484 1481 524 1544 ab
539 1498 590 1543 ore
606 1478 664 1543 Dei
679 1478 856 1562 specialiter
870 1478 986 1558 Patris,
1003 1478 1058 1563 qui
1072 1479 1189 1544 Filium
1207 1498 1281 1544 uere
1295 1498 1409 1563 coguo-
1422 1504 1450 1545 uo

284 1585 339 1661 uit,
362 1584 525 1665 reloquens
547 1601 606 1647 uox
627 1582 785 1665 processit,
810 1583 851 1669 ut
872 1582 931 1647 hac
954 1584 1061 1648 saltim
1083 1582 1202 1648 ratione
1224 1588 1411 1665 compuncta

282 1687 376 1753 turba
395 1685 491 1750 nimis
514 1687 673 1751 incredula
693 1704 762 1750 sero
786 1687 955 1751 caelestem
978 1688 1143 1751 duceretur
1159 1686 1197 1752 ad
1213 1686 1317 1751 fidem.
1350 1688 1410 1752 hoc

282 1794 330 1855 est
351 1790 459 1873 itaque
480 1790 607 1855 Patrem
630 1790 711 1856 Filio
732 1791 926 1874 respondere,
951 1809 1025 1856 suae
1042 1792 1110 1856 uoci
1138 1790 1286 1857 similiter
1301 1808 1410 1856 conso-

281 1913 365 1977 nare,
396 1895 544 1976 quoniam
572 1892 668 1957 uerbo
690 1893 814 1977 genitus
843 1894 972 1959 uerbum
995 1893 1101 1959 Patris
1130 1897 1178 1959 est
1200 1891 1354 1974 Christus,
1379 1896 1411 1959 et

280 1998 390 2081 parilis
414 1998 594 2062 coniectura
619 1997 771 2062 sermonis
794 1997 922 2062 Patrem
944 1998 1099 2063 reuelauit
1121 1998 1155 2061 in
1179 1998 1269 2081 Filio,
1293 1998 1410 2063 Filium
1421 2023 1448 2063 15

280 2100 434 2168 reuelauit
455 2100 489 2165 in
511 2101 613 2166 Patre.

252 2237 270 2297 ι
324 2222 411 2287 Tunc
427 2223 524 2287 annui
546 2224 741 2287 sacramento
764 2222 900 2286 conuiuii
923 2239 994 2285 oum
1016 2219 1176 2304 paschales
1201 2222 1307 2307 epulas
1331 2221 1409 2287 cele·

281 2326 386 2391 braret
416 2345 453 2391 er
485 2345 579 2407 more,
614 2328 650 2391 ut
682 2326 895 2391 humilitatem
923 2324 1015 2409 diligi
1044 2345 1099 2391 suo
1128 2326 1233 2411 potius
1266 2318 1409 2391 edoceret

244 2428 248 2438 “
282 2428 433 2512 exemplo,
464 2431 597 2494 surrexit
618 2448 654 2494 ae
676 2430 775 2493 linteo
799 2447 831 2491 se
860 2428 1033 2512 praecinxit
1054 2430 1222 2512 doctorque
1245 2429 1409 2513 discipulis

281 2534 434 2599 Dominus
462 2550 538 2613 sese,
569 2532 696 2598 famulis
724 2533 818 2616 pedes
853 2531 991 2611 abluens,
1025 2533 1190 2598 inclinauit
1222 2534 1447 2614 tantumqueso

280 2652 354 2702 suae
376 2637 519 2718 deposuit
541 2636 706 2721 fastigium
728 2635 905 2719 potestatis,
928 2638 965 2700 ut
988 2635 1027 2701 ah
1043 2636 1135 2701 huius
1151 2635 1290 2718 obsequii
1306 2638 1408 2719 digni·

281 2741 346 2804 tate
377 2758 433 2804 uec
466 2738 576 2805 Iudam
609 2739 736 2804 fecisset
770 2742 932 2819 exsortem,
971 2756 1063 2822 quem
1097 2741 1247 2806 nefandae
1281 2745 1410 2805 nouerat

381 2952 549 3017 dmum

333 3149 416 3218 lita]
435 3149 501 3203 item
519 3148 552 3203 H
647 3148 748 3202 deitate
765 3151 797 3201 H
891 3149 1029 3203 tonitruus
1048 3150 1115 3215 PB,
1145 3151 1251 3205 tonitru
1271 3150 1309 3215 Β,
1338 3152 1410 3205 toni·

279 3234 334 3287 trui
352 3234 404 3289 Hc
495 3234 701 3289 3asstruebant
719 3234 788 3300 RB,
819 3234 1010 3290 astruebantur
1095 3237 1150 3303 ples
1169 3236 1197 3290 P
1280 3237 1409 3307 4oculis]

279 3335 347 3373 eros.
365 3320 398 3373 ta
415 3320 458 3387 Η,
491 3336 576 3375 omo
661 3323 690 3374 et
708 3336 793 3376 omo
896 3322 1010 3375 diseias
1028 3322 1080 3375 ΡΒ
1178 3322 1276 3391 oculos]
1295 3337 1320 3390 o²
1339 3338 1410 3377 coar.

278 3421 314 3459 cc
335 3421 354 3458 u
377 3405 406 3459 Β
508 3407 580 3460 dut
604 3407 666 3462 PH
763 3424 811 3461 ne*
832 3410 858 3475 (c
875 3410 956 3476 eros.)
982 3406 1045 3491 ΗΙ
1115 3408 1292 3477 intellegatur
1314 3410 1342 3463 P

277 3525 295 3578 8
322 3523 429 3580 tonitru
453 3527 495 3593 Β,
531 3527 649 3581 tonitrus
675 3528 704 3582 P
726 3528 763 3597 cf.
786 3545 810 3583 υ.
836 3532 871 3585 16
973 3500 1093 3583 autorem
1119 3529 1151 3583 Β
1251 3530 1268 3583 9
1296 3530 1342 3583 ill*
1370 3530 1411 3599 11,

278 3610 322 3664 illi
344 3628 362 3667 c
464 3614 675 3685 respondllllltllet
690 3613 734 3681 H,
765 3614 936 3683 responderet
954 3616 1025 3671 couci.
1044 3616 1126 3670 Areo.
1231 3616 1263 3670 10
1288 3617 1346 3669 dm
1369 3616 1410 3680 H,

277 3697 331 3752 diei
357 3698 380 3753 Ι
476 3700 524 3769 qui
550 3716 601 3755 om.
627 3700 716 3757 PBH
815 3700 846 3755 11
873 3700 938 3755 haec
963 3701 998 3767 P,
1024 3700 1044 3754 h
1071 3716 1106 3755 coc
1132 3700 1150 3755 d
1176 3700 1204 3755 B
1309 3701 1411 3759 saltem

277 3819 317 3872 B¹
413 3822 569 3889 compuncte
585 3820 613 3875 Β
710 3821 744 3874 12
761 3792 843 3875 nimis
861 3822 890 3889 (u
907 3838 942 3875 ιιι.
961 3820 1008 3887 at.)
1027 3820 1055 3875 B
1149 3820 1273 3877 coelitem
1289 3822 1340 3878 Bo

277 3905 385 3959 duceret
411 3904 452 3969 Β,
487 3905 628 3960 deduceret
652 3922 669 3961 o
822 3907 855 3961 13
880 3909 953 3961 uoci*
979 3913 1002 3975 (s
1027 3908 1106 3977 eras.)
1132 3908 1176 3974 H,
1211 3910 1284 3963 uocis
1311 3910 1339 3963 B

277 3991 484 4046 consimilitero
569 3992 603 4046 15
621 3993 755 4078 releuauit
771 3992 800 4047 Β
894 3993 926 4047 16
943 3996 1046 4063 patrem
1064 3994 1119 4051 ΡΒ
1207 3994 1240 4049 11
1257 4010 1294 4049 ua
1311 4010 1411 4051 cauus

276 4098 330 4163 nsi
351 4126 388 4167 aa
410 4094 599 4169 susurramus⁸
621 4127 754 4168 musso
777 4114 820 4179 Β,
855 4113 996 4181 discipulis
1013 4101 1064 4169 d'us
1081 4113 1159 4183 pedes
1177 4114 1267 4169 abluit
1286 4115 1340 4172 Hc

178 4240 182 4246 .
276 4196 412 4367 comaga}
415 4215 436 4283 (i
458 4231 545 4285 supro
564 4232 584 4271 a
601 4232 635 4271 m.
653 4218 683 4284 2)
710 4216 738 4270 Β
841 4216 993 4298 celebraret
1020 4217 1048 4272 Β
1149 4219 1181 4272 21
1207 4218 1358 4289 dignitates
1385 4221 1413 4289 (s

277 4314 373 4354 παι..
