3142 5034
497 444 649 499 Pascbal.
670 444 790 513 Operis
812 444 882 506 Lib.
900 444 931 498 V.
986 457 988 463 ’
1215 446 1278 511 279

152 652 250 716 usque
274 635 307 698 in
328 637 436 700 aedem
458 633 606 718 principis
635 634 829 699 sacerdotnm
859 633 984 698 Domini
1012 634 1149 718 uestigia
1170 635 1277 701 subse-

152 741 256 814 cutus,
279 736 360 820 quod
382 756 418 802 ex
440 738 507 802 eins
528 738 610 802 essct
631 737 726 802 etiam
748 738 814 819 ipse
835 737 1000 821 discipulis
1013 740 1061 802 tor
1076 742 1124 802 est
1138 738 1277 821 agnitus,

152 842 202 904 ter
239 840 377 923 negauit.
422 841 454 905 et
490 842 603 923 gallus,
641 839 704 905 diei
737 840 876 917 nuntius,
910 841 1052 907 cantauit
1087 841 1279 924 impletoque

152 943 278 1009 diuinae
300 944 469 1010 sanctionis
493 945 616 1011 oraculo
637 942 765 1027 pristini
788 961 908 1026 quoque
930 962 1039 1009 sensus
1063 946 1181 1009 reuersi
1204 947 1278 1010 suut

129 1048 256 1127 sPetro,
279 1048 332 1132 qui
354 1047 537 1113 memoriam
560 1050 673 1132 cnlpae·
690 1049 875 1131 recolligens
898 1048 1062 1115 obliuionis
1084 1048 1118 1112 in
1133 1065 1166 1114 se
1182 1049 1277 1114 oesti-

150 1151 242 1234 gauit
256 1170 406 1230 errorem3
422 1152 603 1236 gemituque
619 1151 766 1215 contiuno
781 1155 986 1233 prosequente
1000 1152 1127 1233 peccata
1138 1151 1275 1234 fugiunt,

151 1255 267 1321 doliola
288 1256 451 1321 discedunt
474 1258 507 1320 et
526 1254 730 1321 lacrimarum
755 1255 871 1320 imbros
894 1254 984 1319 effusi
1007 1254 1131 1321 dulcem
1152 1257 1277 1321 neniam

151 1360 274 1425 delibus
316 1360 520 1425 amarissimis
562 1360 770 1426 contulerunt.
815 1359 992 1442 apostolicis
1027 1359 1126 1442 igitur
1163 1359 1278 1425 eruditi

151 1463 298 1528 debemus
332 1464 479 1546 exemplis
512 1464 579 1528 nim
613 1464 822 1546 poenitentiae
859 1465 1067 1545 meritumque
1104 1462 1277 1542 dinoscere,

116 1570 189 1633 nont
210 1568 330 1634 talibus
352 1568 496 1635 remediis
513 1569 692 1634 adnitentes
706 1568 746 1633 ab
763 1567 939 1633 animarum
954 1566 1140 1651 fatigatione
1156 1568 1278 1630 nostra·

151 1690 223 1736 rum
250 1672 425 1737 mortiferos
456 1688 632 1738 mereamur
659 1672 783 1737 morbos
812 1672 982 1737 excludere.
1022 1670 1049 1735 si
1072 1671 1154 1735 enim
1177 1669 1278 1735 noxiis

152 1777 376 1859 cogitationum
398 1777 525 1842 uenenis
548 1780 603 1840 aut
629 1779 757 1841 actuum
778 1775 940 1841 ueletiam
957 1773 1112 1857 contagiis
1126 1772 1277 1839 fuerimus

151 1880 292 1961 turpium
314 1881 446 1945 sauciati
468 1895 654 1958 sermonum,
677 1881 716 1945 ad
731 1880 966 1945 saluberrimam
982 1879 1190 1960 poeniteutiae
1206 1894 1278 1940 mou

151 1983 291 2049 nitamur
314 1984 478 2066 coningere
500 1983 699 2063 medicinam,
723 1984 875 2065 quatenus
898 1982 1037 2047 dolentes
1058 2000 1095 2047 er
1109 1980 1203 2061 culpa
1217 1998 1278 2043 nou

116 2086 312 2151 redoleamus
336 2106 372 2151 er
392 2102 501 2170 poena,
524 2086 725 2151 lacrimantes
740 2105 775 2151 er
798 2086 927 2151 uulnere
948 2103 1011 2150 uon
1026 2084 1225 2150 lacrimemus
1241 2101 1278 2147 er

152 2191 261 2255 morte.
299 2208 355 2255 nec
386 2195 491 2254 tamen
524 2190 753 2271 poenitentiam
787 2190 902 2254 futuris
936 2208 1079 2273 paremus
1112 2185 1278 2264 erroribus,
1386 2238 1389 2243 .

151 2296 204 2360 sod
226 2294 404 2375 praeteritis
426 2294 627 2359 adhibeamus
650 2294 807 2360 admissis.
844 2294 901 2359 sub
916 2293 1129 2375 indulgentiae
1144 2307 1278 2374 namque

151 2396 268 2463 fiducia
294 2397 508 2479 delinquentes
538 2396 667 2463 difficile
696 2397 823 2462 uoniam
857 2398 1063 2463 consecuntur
1096 2394 1277 2479 optabilem,

152 2519 246 2582 quam
279 2499 340 2565 sibi
372 2499 512 2583 plerique
541 2504 778 2584 praesumptam
809 2501 978 2565 securitate
1010 2500 1206 2581 pollicentur,
1244 2498 1280 2561 ut

116 2604 290 2686 reposcent
323 2621 398 2668 nam
422 2607 455 2668 et
477 2604 578 2669 Dauid
599 2604 751 2686 propheta
770 2602 925 2669 mirabilis
954 2604 1030 2668 dum
1051 2599 1278 2684 indulgentiam

152 2708 314 2788 praeteriti
340 2709 510 2789 postularet
538 2708 659 2784 erroris,
689 2709 726 2773 ut
747 2709 828 2773 hanc
853 2707 977 2773 facilius
1001 2708 1193 2791 impetraret,
1224 2724 1280 2787 per

151 2812 363 2892 ignorantiam
378 2829 412 2875 se
428 2811 592 2895 deliquisse
610 2812 667 2875 tali
684 2829 772 2893 prece
797 2811 950 2894 signauitr
974 2810 1123 2875 delicta
1144 2810 1279 2873 iuuen-

254 2996 289 3049 22
306 2996 340 3050 of.
358 2996 430 3050 Psal.
449 2995 492 3061 24,
511 2994 526 3049 l

204 3170 220 3223 1
238 3168 286 3237 ede
303 3169 337 3235 P,
366 3169 434 3223 edes
451 3168 502 3225 Bo
597 3169 776 3239 subsequutus
793 3170 821 3225 P
914 3156 1091 3225 decaetiaru
1108 3184 1168 3223 eum
1185 3170 1212 3223 P

151 3247 208 3325 ipse
231 3271 282 3309 ora.
305 3254 334 3311 R
436 3260 479 3309 est
499 3271 551 3312 om.
574 3257 602 3311 R
704 3258 818 3327 agnitus
839 3260 866 3311 et
890 3257 918 3312 P
1018 3256 1036 3310 3
1057 3255 1093 3325 et]
1112 3271 1162 3311 om.
1186 3256 1215 3309 P

152 3342 300 3395 candtauit
317 3342 345 3396 B
446 3343 466 3395 4
481 3340 574 3411 dicium
591 3357 624 3396 erc
641 3341 736 3411 deuinq
753 3342 782 3397 Β
876 3343 983 3412 pristini
1001 3358 1036 3397 ec
1053 3342 1165 3411 prestini
1183 3342 1212 3397 B
1232 3372 1235 3377 ·

152 3427 240 3497 tque
256 3426 284 3481 Β
381 3428 509 3481 memoria
525 3428 571 3497 Η,
655 3430 775 3483 terrore
793 3428 822 3483 P
918 3428 1019 3497 lugunt
1037 3428 1065 3483 P
1160 3428 1280 3483 ‘ldeeoe-

152 3546 221 3601 dunt
238 3548 273 3601 H
365 3514 459 3603 odam
477 3548 497 3615 (l
515 3566 548 3602 oa
567 3552 597 3617 2)
616 3549 652 3603 H
749 3550 910 3619 9eremplis
928 3548 1087 3604 debemuso
1167 3547 1279 3627 digno-
1384 3528 1386 3538 Δ

152 3649 257 3689 scaren
359 3635 568 3689 uitalibus-ut
584 3635 618 3689 ab
636 3653 652 3691 o
748 3634 891 3704 premediis
909 3633 938 3690 P
1039 3634 1072 3689 12
1090 3635 1279 3703 cogitationem

152 3717 180 3775 P
282 3723 370 3776 actus*
388 3724 445 3791 (um
463 3727 544 3787 erae.)
563 3722 605 3786 H,
635 3724 731 3778 actuo
835 3720 1000 3794 contagiiP
1102 3722 1136 3777 14
1153 3722 1280 3790 quatinus

152 3857 239 3912 PM
343 3825 724 3914 mmfflamw
826 3856 1277 3925 mmmrrffiffl

152 3978 181 4031 P
282 3977 437 4032 adibeamns
459 3978 494 4032 H
593 3979 698 4033 amireis
722 3978 755 4045 P,
785 3945 919 4034 summissis
937 3980 966 4048 (d
982 3997 1016 4034 ou.
1034 3983 1064 4047 2)
1080 3978 1117 4046 Β,
1145 3978 1279 4033 ammissis

95 4111 97 4115 r
150 4061 211 4117 ΗΒ
347 4061 519 4132 indulgentia
545 4064 574 4119 P
711 4065 743 4118 19
769 4081 874 4121 summa
900 4067 935 4131 P,
964 4068 1134 4136 praesumpta
1159 4066 1211 4119 He

150 4168 350 4251 mfflmr
451 4157 690 4251 mama
797 4173 1278 4252 mmmmmmm

149 4302 252 4357 talibas
278 4320 295 4359 o
413 4306 496 4373 preca]
521 4269 552 4373 pe
574 4304 609 4369 P,
646 4320 722 4359 coam
748 4306 781 4359 in
806 4305 849 4370 H,
885 4306 973 4374 praeci
999 4307 1029 4373 Ι,
1065 4322 1129 4375 prae
1156 4322 1184 4360 se
1209 4304 1278 4360 coust.

151 4387 214 4443 Iar.
318 4388 436 4443 inuentis
454 4390 489 4455 P,
519 4390 672 4445 iuuentutis
690 4406 798 4447 meaav
