3142 5034
568 383 714 454 Remigii
736 384 914 452 expositio.
1242 384 1305 451 349

175 577 322 650 sapientia
345 575 444 636 defluit
466 575 541 635 sicut
563 578 629 651 ipsa
651 575 721 636 dicit
743 593 794 649 per
809 577 1002 636 salamonem:
1026 575 1088 649 llgo
1107 591 1141 635 ex
1156 592 1204 635 ore
1221 575 1304 636 altis·

174 679 242 739 simi
271 680 374 754 promi.
409 681 453 740 Ex
482 682 567 754 sputo
594 695 663 754 orgo
686 682 716 738 et
738 681 817 740 terra
846 679 978 738 <lominus
1006 677 1099 747 lutum
1126 678 1207 753 fecit,
1236 681 1305 751 quia

175 783 315 843 diuinitas
343 784 485 842 humanae
512 785 634 843 naturae
663 783 775 844 sociata
797 783 851 844 est.
885 783 1074 856 Allegoriaat.
1108 781 1164 840 Per
1187 783 1304 856 sputum

177 886 360 960 intellegitur
383 885 533 957 diuinitas,
557 903 609 960 per
631 888 738 946 arram
753 886 929 958 humanitas,
951 903 1024 960 quae
1040 885 1127 945 simul
1141 886 1173 945 iu
1189 884 1304 944 christo

151 991 348 1050 ocouiuuctae
385 1007 475 1050 causa
512 991 628 1050 nostrae
665 989 770 1049 salutis
807 989 979 1050 extiterunt.
1038 991 1176 1049 abluta
1218 1003 1333 1048 causas.

174 1093 260 1153 metri
283 1091 430 1166 corripuit.
468 1091 655 1153 Bethania
678 1092 829 1152 ciuitatula
851 1095 881 1152 iu
903 1095 999 1153 radice
1014 1093 1119 1154 montis
1134 1092 1232 1154 oliueti
1248 1109 1305 1152 non

174 1195 259 1269 longe
282 1199 319 1256 ab
341 1195 524 1256 Hierusalem
547 1196 670 1277 distans,
693 1196 798 1256 stadiis
822 1196 900 1271 ·llV·,
924 1200 954 1256 ot
976 1197 1184 1272 intorpretatur
1206 1197 1304 1256 domus

174 1299 381 1363 oboedientiae.
422 1299 585 1358 Lazarus
621 1299 831 1373 iuterpretatur
868 1299 993 1362 adiutus.
1038 1300 1242 1374 Populatio
1276 1299 1302 1368 lu

174 1402 328 1462 multitudo
343 1401 444 1475 populi
459 1404 489 1461 et
504 1405 549 1461 est
562 1405 684 1462 uerbum
702 1403 869 1462 affectatum
885 1405 913 1462 et
927 1419 1000 1463 noue
1011 1403 1172 1464 inuentum.
1195 1404 1305 1463 Secun-

139 1506 243 1566 mdum
264 1507 409 1566 hominem
431 1506 519 1565 flebat
539 1507 621 1580 teus,
644 1508 713 1580 quia
734 1506 876 1566 diuinitas
898 1507 1079 1582 impassibilis
1099 1524 1155 1568 non
1170 1507 1305 1567 subiacet

174 1609 311 1684 passioni.
342 1609 439 1668 Post
454 1609 587 1669 funera
602 1609 629 1668 ·i·
644 1611 710 1682 post
724 1613 855 1669 mortem.
879 1610 977 1670 Funus
992 1613 1038 1669 est
1052 1611 1167 1686 proprie
1183 1611 1305 1670 cadauer

174 1713 280 1774 mortui
301 1710 427 1772 hominis
457 1713 568 1771 <lictum
590 1729 608 1770 a
628 1711 746 1773 funibus
769 1714 797 1772 ·i·
821 1713 959 1774 candelis.
1004 1714 1160 1775 Lethalo
1189 1713 1303 1774 chaos

174 1816 202 1876 i·
218 1816 349 1875 mortalis
364 1815 503 1880 confusio.
527 1815 597 1875 Lex
611 1815 717 1890 perit.
739 1816 801 1877 Lex
816 1817 917 1876 mortis
933 1820 987 1894 est,
1004 1820 1036 1878 ut
1052 1819 1140 1878 semel
1156 1819 1304 1889 acceptum

175 1920 301 1978 retineat
321 1922 354 1978 et
375 1935 521 1992 nunquam
549 1919 662 1981 reddat.
708 1915 854 1981 Oaduo'a
881 1921 1042 1980 culmina
1064 1923 1090 1981 ·i·
1121 1919 1304 1980 transitorios

138 2023 307 2085 sshonores.
345 2022 520 2082 Phalaris
536 2023 564 2080 ·i·
578 2021 677 2084 bullis.
708 2023 850 2084 Phalereo
865 2023 1001 2085 dicuntur
1017 2021 1194 2100 generaliter
1207 2021 1305 2082 omnia

174 2128 345 2187 ornamenta
366 2141 512 2200 equorum,
536 2140 640 2199 graece
656 2125 793 2200 ephippia
808 2127 950 2191 dicuutur.
995 2128 1108 2190 Ostro
1124 2127 1151 2186 ·i·
1166 2141 1303 2200 purpura.

175 2227 293 2289 (istrum
314 2229 422 2289 (licitur
442 2246 571 2304 purpura
592 2231 629 2289 ab
651 2230 756 2290 ostreis
779 2231 807 2290 ·i·
830 2231 990 2304 pisciculis,
1016 2248 1136 2305 quorum
1159 2229 1303 2304 sauguine

173 2332 327 2406 tinguitur.
371 2331 510 2392 Aurum
533 2333 559 2391 ·i·
582 2331 695 2392 frenum
723 2351 851 2410 aureum,
881 2334 1017 2396 indicium
1047 2334 1135 2409 opimi
1162 2334 1229 2409 equi
1258 2334 1305 2392 est

173 2423 415 2509 sanguinolentas
438 2437 474 2494 ab
497 2451 546 2496 oro
568 2453 684 2510 spumas
707 2437 810 2498 eicere.
855 2437 976 2498 Honos
1007 2455 1058 2512 pro
1081 2437 1182 2498 honor.
1221 2437 1304 2495 Non

137 2538 248 2597 soluit
268 2539 383 2611 impar
405 2555 437 2598 s·
460 2539 590 2612 aequalis
613 2539 765 2614 diguitatis
792 2541 849 2600 tuit
871 2543 928 2602 iste
951 2543 1061 2614 asinus,
1086 2541 1167 2600 cuius
1191 2542 1219 2600 et
1242 2539 1302 2611 ille,

174 2640 224 2715 qui
246 2640 366 2714 agnouit
387 2640 534 2701 Christum
557 2641 588 2702 iu
610 2644 752 2716 praesepi.
791 2643 832 2701 In
855 2644 978 2704 solido
993 2644 1020 2702 ·i·
1036 2644 1117 2704 duro.
1140 2641 1303 2717 Alloquitur
1410 2725 1415 2740 ,

173 2744 306 2818 gentiles.

539 2978 601 3063 IN
635 2979 859 3063 LlBltVM
894 2980 935 3062 V.

184 3179 187 3185 ’
219 3190 402 3262 Coeperat
424 3187 450 3245 ·i·
475 3190 632 3249 aduenerat
661 3190 734 3261 dies,
765 3191 797 3249 in
826 3207 881 3264 qua
910 3191 991 3249 Iudai
1022 3190 1130 3264 pascha
1160 3189 1303 3250 celebrare
1312 3223 1332 3252 v.

137 3293 328 3354 asdobebant.
365 3293 477 3352 Pascha
499 3293 605 3353 (licitur
627 3311 645 3352 a
666 3295 802 3369 transitu,
835 3312 892 3354 non
915 3313 932 3352 a
954 3295 1088 3368 passione
1121 3296 1153 3353 ut
1187 3292 1302 3367 quidam

175 3396 285 3459 dicunt.
316 3396 380 3454 Ista
402 3396 477 3454 euim
501 3395 546 3456 tie
568 3397 751 3456 transierunt
772 3397 825 3456 filii
848 3398 941 3458 Israel
964 3414 998 3456 ex
1020 3397 1161 3473 Aegypto.
1193 3397 1304 3455 Pascha

175 3503 270 3560 autem
303 3502 365 3558 erat
396 3501 471 3572 apud
500 3500 604 3559 Iudeos
633 3515 738 3574 agnus,
767 3501 818 3574 qui
846 3501 1048 3560 immolabatur
1080 3502 1115 3560 ad
1142 3517 1302 3574 uesperum.

175 3602 302 3662 Gloria
324 3603 351 3661 ·i·
374 3603 510 3664 maiestas
526 3603 643 3664 Christi.
679 3603 806 3662 Pulchra
829 3604 936 3664 locutio
959 3606 1012 3674 est,
1037 3606 1149 3677 quando
1171 3621 1222 3677 pro
1237 3621 1302 3678 per-

176 3723 249 3765 sona
271 3723 323 3780 por
346 3706 630 3765 circumlocutionem
653 3705 816 3766 declaratur
834 3707 970 3781 qualitas,
995 3710 1027 3766 ut
1042 3706 1185 3780 Virgilius
1211 3703 1303 3766 ‘robur

138 3805 368 3872 aoTroieuorum'
400 3810 426 3868 ·i·
457 3811 574 3880 Hector,
612 3810 655 3868 ita
689 3809 796 3870 dicitur
832 3811 924 3886 gloria
957 3810 1065 3872 domini
1098 3811 1125 3868 ·i·
1159 3811 1301 3870 christus.
1421 3817 1425 3824 '

176 3910 393 4003 clarificem
416 3931 447 3971 ·s·
470 3913 498 3971 in
532 3914 750 3975 resurrectione.
796 3914 999 3975 consonam
1022 3916 1201 3990 ·i1consors;
1236 3912 1303 3986 quia

278 4111 480 4181 lacessas
581 4112 615 4166 29
634 4111 868 4168 occeanum

226 4301 380 4384 tcauicula
396 4302 425 4355 A
527 4302 561 4356 23
578 4302 617 4358 lib
637 4303 698 4357 ·III·
717 4303 759 4368 (ia
776 4319 860 4374 maro.
879 4321 911 4359 m.
930 4308 958 4372 2)
977 4306 1004 4357 A

1348 3214 1412 3254 1-19
