3142 5034
544 351 669 425 228
1558 344 1829 409 Sednlii

446 550 530 614 2⁰
644 547 921 616 Genesar·
975 544 1171 631 igitur
1214 547 1447 609 terram
1494 542 1674 609 coetu
1720 541 2065 607 comitante
2115 540 2565 625 discipulorum
2609 541 2821 608 relicta

557 648 874 714 Dominus-
934 648 1082 715 naui
1154 646 1463 731 calcabat,
1532 648 1708 712 cuius
1785 646 2029 711 incola-e
2101 647 2354 729 gratum
2421 646 2826 729 suscipientes

554 752 919 829 aduentum,
952 761 1108 817 suos·
1122 751 1383 817 diuersis
1408 749 1814 835 languoribus
1839 748 2172 835 impeditos
2196 748 2273 814 ad
2296 747 2579 814 diuinam
2601 767 2823 815 sanan-

555 855 667 922 dos
722 854 1142 940 praesentiam
1200 856 1682 940 congregabant,
1744 857 1816 918 ut
1869 853 2120 919 fimbria.
2176 851 2392 919 saltim
2459 853 2824 919 uestimenti

556 960 691 1024 eius
734 958 988 1024 adtacta
1031 957 1268 1024 morbis
1310 961 1670 1024 mederetur
1713 958 2086 1041 asperrimis.
2155 958 2221 1023 et
2265 958 2548 1040 quisquis
2593 957 2822 1023 meruit
2861 986 2889 1027 s

557 1063 675 1129 hoc
717 1062 923 1147 potiri,
972 1079 1222 1145 compos
1267 1060 1473 1127 factus
1519 1064 1618 1125 est
1662 1078 1806 1126 mox
1849 1060 2096 1126 salutis.
2176 1078 2366 1144 quam
2397 1060 2672 1144 pretiosa
2700 1061 2823 1127 fuit

557 1167 712 1231 haec
766 1165 994 1231 uestis!
1057 1166 1159 1231 uel
1214 1164 1488 1248 pretium
1549 1164 1756 1248 magis
1800 1166 1924 1231 ista
1969 1183 2091 1231 non
2152 1164 2396 1248 habuit,
2446 1176 2626 1247 quae
2650 1163 2823 1229 nullo

559 1268 920 1335 uenundata
991 1271 1358 1334 eommercio
1407 1270 1614 1351 'parui
1687 1268 1783 1334 fili
1859 1268 2223 1335 muneribus
2281 1268 2418 1351 ipsa
2475 1267 2826 1335 redimebat

562 1389 900 1438 u-muersos.

454 1499 531 1563 21
596 1480 607 1489 ”
646 1491 813 1560 Hinc
856 1495 1003 1579 Tyri
1049 1494 1418 1577 Sidonisque
1460 1496 1964 1576 praetereuntem
2000 1494 2270 1578 regionis
2319 1493 2549 1558 itinera
2601 1492 2824 1557 mulier
2843 1524 2891 1563 ιο

562 1597 933 1663 chananaea
965 1616 1076 1680 pro
1108 1598 1275 1663 filiae
1306 1599 1463 1663 uitio
1494 1600 1765 1677 anxiata,
1812 1616 2001 1679 quam
2033 1598 2292 1682 spiritus
2323 1598 2456 1663 ater
2487 1598 2820 1673 insederat,

562 1701 930 1785 suppliciter
974 1702 1344 1766 obsecrabat
1387 1721 1451 1767 se
1512 1703 1767 1767 canibus
1813 1702 2137 1786 postulans
2185 1701 2671 1784 exaequandam,
2720 1701 2825 1781 qui

561 1804 957 1870 dominorum
1023 1823 1265 1870 mensas
1333 1805 1644 1888 sagaciter
1713 1824 1833 1870 non
1906 1806 2288 1887 relinquunt,
2379 1809 2449 1869 ut
2530 1804 2824 1886 reliquias

563 1908 989 1974 delambentes
1036 1926 1317 1973 excussas
1363 1908 1723 1973 cadentium
1760 1907 2066 1973 micarum
2097 1907 2439 1993 exiguitate
2468 1910 2822 1991 pascantur.

560 2032 680 2078 uox
744 2011 1119 2087 humillima,
1187 2014 1295 2077 sed
1359 2010 1513 2077 fides
1581 2011 1837 2092 excelsa,
1881 2024 2068 2095 *quae
2131 2010 2263 2076 filia
2317 2009 2551 2092 sospite
2607 2028 2824 2075 canem
2842 2038 2888 2077 ιιι

560 2098 894 2180 transtulit
952 2134 1093 2180 mox
1144 2116 1211 2180 in
1256 2133 1459 2191 ouem,
1506 2116 1694 2197 inque
1749 2115 2031 2181 sentibus
2090 2133 2236 2180 suae
2288 2118 2496 2199 gentis
2550 2118 2824 2179 exortam

563 2217 831 2283 Hebraei
878 2218 1180 2302 graminis
1226 2218 1377 2283 fecit
1419 2218 1680 2283 introire
1722 2238 1834 2301 per
1882 2236 2134 2301 pascua.

459 2347 573 2411 22·
654 2339 809 2404 Alta
853 2340 1077 2404 dehinc
1121 2341 1269 2418 iuga
1315 2340 1546 2406 montis
1596 2329 1935 2405 ascendens
1979 2341 2205 2424 populo
2257 2338 2596 2405 comitatus
2645 2340 2824 2403 innu-

564 2461 736 2508 mero
809 2442 988 2509 milia
1060 2444 1426 2509 claudorum.
1497 2444 1737 2528 pariter
1801 2446 1864 2509 et
1939 2463 2284 2525 caecorum,
2362 2442 2580 2508 surdos
2637 2443 2826 2509 etiam

570 2546 959 2629 leprososque
1019 2552 1363 2613 conuentus
1423 2566 1495 2613 ac
1548 2548 1838 2613 manibus
1896 2548 2221 2614 inbecilles
2276 2548 2340 2612 et
2383 2547 2676 2632 quiequid
2721 2565 2822 2611 ae·
2844 2574 2891 2615 ιο

566 2668 749 2733 grum
794 2650 976 2736 uulgi
1024 2652 1421 2734 confluxerat,
1466 2670 1654 2716 usum
1698 2651 2066 2718 reformauit
2109 2650 2174 2716 in
2205 2652 2545 2733 pristinum
2579 2650 2827 2733 suisque

669 2889 696 2942 1
735 2904 836 2944 vm
870 2904 1229 2943 nnsrnnnan'r
1264 2903 1530 2943 rmennn
1563 2854 1713 2944 13¹3(
1748 2903 2103 2945 vnsrnmirn
2138 2903 2269 2945 ms
2305 2888 2466 2957 (mbri
2501 2904 2542 2942 a
2565 2905 2636 2944 m.
2661 2890 2722 2955 2)
2756 2888 2827 2953 R,

566 2975 629 3028 de
666 2976 875 3029 cunctis
920 2977 979 3028 in
1028 2990 1252 3043 genesar
1297 2974 1530 3029 infirmis
1565 2976 1768 3030 curatis
1813 2975 1904 3042 H,
1973 2975 2040 3030 de
2076 2974 2350 3029 miraculis
2396 2974 2560 3030 factis
2595 2976 2655 3029 in
2690 2975 2832 3028 terra

566 3062 802 3117 Genesar
838 3078 869 3115 v
1074 3062 1703 3116 terram—comitantem
1737 3060 1808 3115 H
2007 3059 2274 3129 discipulo
2309 3060 2384 3127 P3
2437 3066 2567 3130 post
2602 3059 2828 3128 discipu·

570 3165 745 3219 lorum
781 3166 986 3220 lacuna
1008 3169 1042 3220 6
1070 3165 1225 3219 litai
1301 3166 1355 3219 Β
1528 3165 1563 3218 2
1599 3147 1720 3219 nau¹
1756 3165 1812 3219 Β
1982 3165 2017 3219 3
2053 3164 2296 3219 diuersos
2332 3162 2396 3217 H
2566 3163 2831 3218 sanandas

570 3253 623 3305 P
826 3251 1196 3319 congegabant
1215 3263 1252 3278 ⁹
1290 3289 1311 3318 2
1352 3267 1420 3306 ex
1455 3250 1510 3317 b)
1559 3250 1618 3305 P
1818 3248 2088 3303 fimbriam
2134 3250 2191 3303 P
2395 3250 2592 3304 saltem
2641 3250 2696 3304 Β

566 3338 599 3389 5
634 3338 846 3389 attacta
878 3335 936 3391 R
1130 3335 1199 3389 ad
1235 3340 1438 3391 taceam
1476 3336 1622 3391 orbis
1661 3337 1717 3390 P
1914 3335 1948 3389 6
1995 3350 2210 3404 campos
2245 3336 2302 3389 P
2501 3335 2533 3389 7
2568 3338 2831 3405 magistra

570 3438 673 3476 non
708 3422 765 3476 P
930 3421 1080 3477 nulla
1114 3422 1170 3477 P
1334 3423 1369 3477 8
1404 3425 1658 3477 comertio
1694 3422 1824 3477 libri
2009 3422 2077 3475 10
2109 3437 2184 3475 nn
2221 3427 2481 3477 mmm:
2516 3436 2832 3477 misma

570 3506 648 3573 R,
720 3507 785 3562 de
822 3522 1049 3561 cananee
1082 3506 1201 3562 filia
1234 3524 1267 3562 a
1301 3508 1524 3563 demone
1558 3507 1796 3563 liberata
1830 3509 1891 3560 H
1899 3547 1920 3574 ,
1985 3507 2301 3562 chananeae
2333 3506 2507 3561 filiam
2543 3524 2576 3561 a
2610 3511 2833 3563 uexante

570 3594 764 3663 spiritu
799 3594 1085 3648 liberatam
1120 3610 1153 3647 v
1356 3597 1475 3664 pter
1511 3594 1732 3649 eandem
1777 3593 1833 3648 P
2034 3594 2226 3648 iti-nere
2267 3593 2333 3662 P,
2395 3594 2603 3650 itenera
2636 3597 2705 3650 H

570 3682 631 3735 11
681 3680 800 3735 filia
843 3681 911 3743 P,
972 3680 1084 3735 filio
1128 3680 1213 3735 H²
1258 3695 1399 3735 corr.
1434 3697 1505 3735 m.
1541 3683 1583 3735 2
1789 3680 2006 3735 anxiata
2053 3682 2273 3749 scripsi,
2336 3681 2580 3737 sautiata
2627 3681 2835 3749 PR(‘?),

570 3771 836 3823 sauciatae
872 3768 942 3821 H
945 3784 1004 3833 v,
1064 3767 1360 3823 saucitatae
1394 3768 1451 3821 Β
1463 3809 1477 3835 ,
1537 3767 1834 3821 sollicitata
1869 3768 2011 3821 coni.
2046 3766 2252 3821 Hartel
2448 3782 2615 3836 quum
2651 3769 2706 3822 P

570 3859 689 3910 uter
726 3857 798 3923 P,
856 3856 1001 3909 mter
1035 3858 1093 3921 (u
1129 3857 1301 3923 eras.)
1332 3855 1401 3909 H
1605 3855 1672 3909 12
1706 3853 2097 3923 exaequandam
2131 3854 2203 3907 H
2397 3852 2462 3907 13
2497 3854 2730 3925 reliquid
2764 3854 2832 3923 P,

570 3941 875 4011 relinquent
908 3939 1037 3995 RH
1203 3942 1269 3995 14
1292 3940 1602 3995 delabentes
1625 3941 1681 3995 P
1846 3956 2060 3995 excusas
2095 3941 2152 3994 P
2180 3930 2185 3948 ¹
2319 3944 2612 4009 pascuntur
2647 3942 2704 3995 P

570 4031 635 4083 15
672 4029 901 4113 sospitas
936 4028 993 4084 R
1166 4029 1233 4082 16
1268 4028 1511 4081 sensibus
1547 4028 1604 4081 P
1773 4026 1836 4081 17
1875 4042 2120 4095 pascuam
2151 4027 2206 4081 B
2380 4026 2446 4082 18
2480 4042 2554 4081 nn
2579 4040 2836 4083 mvnnsrs

570 4146 968 4187 Lanevomnvs
1003 4129 1131 4188 RH
1135 4171 1149 4196 ,
1208 4131 1388 4184 millia
1413 4133 1756 4199 aegrotorum
1781 4147 1813 4184 a
1835 4130 2038 4184 morbis
2064 4129 2296 4184 liberata
2332 4146 2366 4184 v
2547 4132 2832 4185 comitatur

570 4218 623 4271 P
823 4217 880 4271 in
917 4217 1054 4271 miro
1091 4219 1157 4283 P,
1218 4218 1498 4271 innumera
1530 4216 1604 4283 R,
1661 4232 1746 4270 -ro
1781 4232 1821 4271 s,
1859 4216 1894 4270 l.
1929 4232 1998 4269 m.
2035 4216 2107 4271 al.
2145 4216 2199 4270 Β
2406 4215 2476 4269 20
2511 4219 2566 4270 et
2601 4216 2833 4286 leprosos

570 4321 601 4357 v
808 4319 997 4358 manus
1034 4305 1088 4358 B
