3142 5034
288 391 352 457 336
762 387 946 456 appendix.

145 614 166 642 v.
180 588 379 644 mercatore.
417 583 602 657 Delapsus
626 584 652 640 ·i·
676 581 813 640 dimissus
836 581 882 642 uel
905 581 1087 642 descendens.
1125 582 1264 642 Labere
1286 581 1314 639 i·
1337 585 1421 642 mitte

291 691 321 746 te
344 687 486 746 deorsum.
515 685 708 758 Imperatiuus
731 687 777 744 est
800 703 817 744 a
839 683 928 744 uerbo
944 684 1036 747 lahor.
1067 683 1245 756 Fastigia
1259 684 1287 743 ·i·
1304 686 1421 744 summi·

290 793 388 861 tatenu
418 789 525 863 pinuae
563 790 631 846 sunt
664 788 812 846 cacumina
834 787 860 845 ·i·
885 787 1064 847 sublimiores
1092 790 1190 861 partes
1220 789 1329 848 domus.
1368 789 1421 849 Hic

292 895 388 954 autem
409 911 461 968 pro
483 891 622 951 tabulatis
645 892 741 965 posuit
762 891 872 965 templi.
907 891 1056 966 Templum
1079 890 1187 952 domini
1209 893 1422 952 tricameratum

293 999 355 1056 erat
372 996 398 1054 ·i·
421 996 511 1055 trium
532 994 744 1056 tabulatorum:
776 1014 794 1055 a
816 998 895 1055 terra
917 1012 1007 1068 usque
1030 996 1066 1054 ad
1088 997 1212 1068 primum
1234 996 1311 1053 XXX
1335 996 1454 1055 cubitis

293 1102 384 1177 erant,
417 1119 435 1158 a
467 1100 560 1174 primo
588 1115 678 1173 usque
708 1100 744 1157 ad
774 1099 932 1158 secundum
960 1095 1010 1156 alii
1032 1097 1118 1169 XXX,
1148 1098 1310 1157 asecundo
1333 1115 1423 1172 usque

295 1204 331 1262 ad
364 1205 482 1263 tertium
512 1202 577 1278 LX,
615 1219 680 1261 ecce
712 1201 795 1260 CXX.
841 1201 1021 1261 Ouruanit
1051 1202 1077 1259 ·i·
1113 1201 1258 1273 formauit,
1293 1201 1424 1260 curuauit

227 1323 229 1327 ·
293 1309 362 1382 quia
386 1308 416 1366 in
439 1305 553 1367 modum
576 1322 705 1364 camerae
735 1307 804 1364 sunt
837 1305 921 1364 caeli.
966 1303 1104 1365 Vectus
1128 1305 1155 1363 ·i·
1183 1306 1350 1380 deportatus
1374 1321 1424 1364 sua

293 1410 384 1484 ipsius
413 1410 529 1482 uirtute,
563 1409 640 1469 sicut
668 1409 703 1466 do
726 1408 837 1482 Spiritu
866 1410 968 1467 sancto
997 1408 1113 1481 passiue
1143 1406 1266 1482 legimus
1292 1405 1423 1482 ‘Spiritus

295 1512 401 1573 domini
415 1512 561 1572 ferebatur
573 1527 658 1584 super
673 1507 782 1584 aquae’.
809 1513 833 1568 A
846 1526 901 1583 quo
915 1510 991 1569 enim
1004 1509 1128 1569 ferretur
1139 1509 1196 1569 nisi
1212 1527 1264 1569 sua
1275 1512 1453 1583 perennare

296 1616 456 1690 Cuspide
479 1617 507 1673 ·i·
529 1614 640 1690 lancea,
662 1613 846 1674 iaculatione.
883 1614 1015 1674 Gladium
1038 1614 1110 1674 dixit
1132 1617 1252 1675 uerbum
1267 1615 1324 1686 dei,
1349 1617 1424 1675 unde

295 1719 443 1794 apostolus
467 1722 497 1778 et
519 1719 646 1792 gladium
668 1718 801 1792 spiritus,
825 1717 900 1792 quod
924 1721 969 1777 est
992 1718 1111 1778 uerbum
1127 1719 1183 1789 dei,
1200 1736 1254 1793 quo
1271 1720 1340 1778 tunc
1356 1719 1423 1778 deus

200 1892 204 1899 ,
296 1825 421 1897 aliquem
443 1824 578 1896 percutit,
602 1838 665 1880 cum
688 1822 723 1880 de
744 1825 895 1894 peccatore
918 1819 1009 1880 elficit
1024 1821 1141 1882 iustum.
1188 1821 1423 1896 Praecipites

296 1929 322 1987 ·i·
346 1927 489 1986 cadentes.
534 1925 788 1996 confringens
826 1922 1027 1996 sapientia.
1073 1925 1221 1999 Sapientia
1255 1923 1425 1984 neutraliter

297 2031 378 2089 dixit.
419 2028 582 2102 Confringit
608 2029 677 2086 deus
699 2027 799 2098 fortae,
831 2043 895 2085 cum
919 2044 967 2087 eos
997 2045 1015 2086 a
1037 2027 1141 2086 timore
1164 2026 1317 2101 superbiae
1340 2027 1426 2086 deicit
1435 2047 1455 2088 15

298 2137 327 2193 et
342 2133 378 2192 ad
393 2149 491 2192 ueram
507 2129 699 2190 humilitatem
714 2131 802 2190 ducit.
837 2132 937 2190 Perdit
959 2131 1116 2204 sapientae,
1140 2149 1203 2190 cum
1226 2149 1333 2192 uanam
1348 2131 1427 2205 sapi·

298 2237 404 2296 entiam
429 2235 544 2294 illorum
567 2234 690 2292 destruit
712 2237 743 2294 et
765 2236 802 2294 ad
824 2251 931 2306 ueram,
955 2251 1027 2308 quae
1050 2234 1184 2294 Christus
1208 2237 1263 2306 est,
1286 2233 1427 2308 perducit.

299 2339 363 2398 Non
385 2339 474 2410 elegit
490 2339 560 2397 deus
583 2337 713 2396 rhetores
729 2340 759 2397 et
782 2337 931 2410 sapientes
950 2339 979 2396 et
1000 2336 1198 2417 imperatores,
1221 2340 1270 2398 sed
1286 2354 1430 2412 pauperes

299 2446 327 2500 et
359 2441 481 2500 humiles
511 2442 540 2500 et
574 2442 742 2513 piscatores.
786 2439 964 2500 Tractare
987 2440 1014 2498 ·i·
1038 2441 1154 2503 sectari.
1199 2440 1428 2512 Germanum,

299 2547 368 2619 quia
390 2545 495 2604 iratres
519 2561 633 2615 sumus3
668 2561 821 2618 germanus
843 2544 958 2618 proprie
981 2543 1095 2613 dicitur,
1119 2545 1201 2618 quasi
1224 2546 1259 2603 de
1281 2561 1340 2604 uuo
1364 2561 1460 2618 ger-rc

300 2650 378 2708 mine
406 2649 500 2721 patris
528 2665 658 2708 manans.
699 2647 848 2708 Vetusti
875 2648 951 2707 doli
974 2647 1001 2705 ·i·
1025 2650 1160 2721 antiquae
1181 2647 1302 2708 fraudis.
1339 2648 1429 2708 Vetus

301 2751 397 2812 dolum
416 2753 442 2809 ·i·
466 2753 606 2826 originale
628 2754 787 2826 peccatum.
820 2751 923 2811 Dolum
945 2751 1019 2823 ideo,
1043 2753 1111 2825 quia
1132 2751 1232 2811 fraude
1255 2751 1364 2811 diaboli
1385 2751 1429 2808 iu·

302 2854 421 2915 missum
438 2860 500 2925 est3
523 2872 593 2928 ergo
610 2855 746 2915 debemus
761 2855 858 2914 delere
874 2853 1012 2914 inuidiam
1027 2855 1062 2912 de
1079 2854 1209 2913 cordibus
1225 2854 1344 2926 nostris,
1361 2869 1431 2928 quae

301 2977 368 3019 uere
392 2959 500 3019 diaboli
523 2960 592 3018 nota
615 2961 668 3017 est.
706 2958 875 3031 Degener
897 2957 1003 3017 dicitur
1018 2959 1068 3032 qui
1084 2974 1140 3017 non
1155 2959 1311 3031 respondet
1325 2956 1430 3016 nobili·
1479 2937 1481 2944 ¹

302 3063 357 3122 tati
384 3065 537 3136 parentum
559 3063 587 3120 ·i·
609 3062 657 3135 qui
688 3063 751 3122 suis
781 3061 867 3120 factis
890 3078 920 3121 se
942 3059 1098 3132 ignobilem
1121 3059 1247 3130 exhibet,
1270 3078 1303 3118 e·
1325 3063 1394 3120 tunc
1415 3077 1461 3120 aaa

302 3167 353 3224 deo
376 3165 591 3238 degeneramus,
623 3181 687 3223 cum
710 3181 761 3223 nos
784 3165 908 3224 inuicem
932 3165 1052 3224 odimus.
1091 3163 1195 3223 Sicut
1218 3163 1432 3222 benedicier

303 3271 411 3340 idem,
434 3285 543 3341 magna
564 3267 728 3328 subauditio
751 3269 807 3340 est,
831 3284 863 3326 ·s·
887 3269 929 3326 sic
952 3269 1032 3327 iubet
1055 3282 1085 3325 se
1108 3266 1287 3326 sanctificari
1306 3284 1324 3324 a
1341 3266 1431 3338 nobis,

303 3389 320 3429 a
343 3389 397 3446 quo
421 3372 635 3431 sanctificamur
656 3388 763 3445 omnes,
795 3371 871 3430 sicut
893 3371 973 3430 iubet
1002 3369 1077 3430 idem
1106 3367 1234 3430 benedici
1257 3387 1274 3429 a
1296 3369 1394 3446 nobis,
1417 3386 1432 3426 a

304 3491 358 3548 quo
388 3475 582 3533 benedicimur
608 3491 717 3535 omnes.
755 3478 828 3534 Iam
858 3475 1000 3548 iamque
1030 3473 1198 3532 aduerbium
1228 3475 1274 3532 est
1305 3474 1431 3548 optantis

305 3577 330 3634 i·
354 3576 421 3649 cito,
444 3576 576 3634 dominus
599 3593 711 3651 semper
734 3579 763 3636 et
786 3576 892 3649 ubique
919 3579 1032 3650 regnat,
1057 3593 1087 3634 ·s·
1111 3577 1245 3652 petimus,
1268 3579 1301 3635 ut
1324 3593 1376 3635 nos
1398 3575 1462 3634 adeo

305 3698 335 3739 se
366 3681 460 3754 ipsum
491 3679 631 3752 colligens
661 3679 764 3753 regnet
795 3680 824 3738 in
855 3681 947 3741 uobis.
992 3679 1069 3738 Non
1100 3679 1303 3739 succedunt
1328 3678 1355 3735 ·i·
1379 3695 1432 3736 non

305 3785 473 3845 adueniret.
518 3785 587 3843 Per
617 3800 752 3843 aeuum.
797 3784 909 3842 Aenum
938 3800 990 3856 pro
1020 3783 1213 3856 perpetuitate
1247 3783 1373 3860 ponitur,
1406 3783 1434 3840 et

306 3886 388 3946 uenit
406 3905 424 3946 a
442 3903 546 3961 graeco
568 3887 644 3961 quod
666 3889 711 3946 est
735 3888 927 3960 contempus,
951 3885 1026 3944 nihil
1048 3886 1127 3945 aliud
1149 3890 1195 3950 est
1218 3887 1274 3946 nisi
1290 3902 1393 3946 cursus
1407 3886 1433 3943 et

304 3990 471 4050 uicissitudo
494 4009 588 4052 rerum
604 3991 631 4049 ·i·
647 4008 709 4050 cum
729 3990 784 4050 diei
801 4008 857 4050 nox
872 3993 900 4049 et
916 3991 993 4049 nocti
1010 3992 1168 4051 succedunt
1184 3991 1254 4050 dies.
1294 3989 1434 4049 Oorona

357 4210 513 4299 lddmaus
531 4246 559 4299 A
654 4246 679 4301 '2
701 4229 813 4300 ‘’orsnm
838 4246 880 4314 (de
898 4264 915 4301 a
932 4263 966 4300 m.
984 4248 1014 4315 2)
1033 4248 1060 4300 A
1164 4248 1197 4301 11
1214 4245 1322 4315 gladius
1340 4245 1369 4298 A

307 4329 340 4382 14
356 4329 475 4385 rethores
492 4333 519 4385 A
