<?xml version="1.0" encoding="UTF-8"?>
<!DOCTYPE html PUBLIC "-//W3C//DTD XHTML 1.0 Transitional//EN"
    "http://www.w3.org/TR/xhtml1/DTD/xhtml1-transitional.dtd">
<html xmlns="http://www.w3.org/1999/xhtml" xml:lang="en" lang="en">
 <head>
  <title>
</title>
<meta http-equiv="Content-Type" content="text/html;charset=utf-8" />
  <meta name='ocr-system' content='tesseract 3.04.00' />
  <meta name='ocr-capabilities' content='ocr_page ocr_carea ocr_par ocr_line ocrx_word'/>
</head>
<body>
  <div class='ocr_page' id='page_1' title='image "./corpusscriptoru06wiengoog_0290.png"; bbox 0 0 3142 5034; ppageno 0'>
   <div class='ocr_carea' id='block_1_1' title="bbox 260 451 896 520">
    <p class='ocr_par' dir='ltr' id='par_1_1' title="bbox 260 451 896 520">
     <span class='ocr_line' id='line_1_1' title="bbox 260 451 896 520; baseline 0 -13"><span class='ocrx_word' id='word_1_1' title='bbox 260 454 325 520; x_wconf 75' lang='lat'>226</span> <span class='ocrx_word' id='word_1_2' title='bbox 759 451 896 507; x_wconf 80' lang='lat' dir='ltr'>Sedulii</span> 
     </span>
    </p>
   </div>
   <div class='ocr_carea' id='block_1_2' title="bbox 209 639 1424 2687">
    <p class='ocr_par' dir='ltr' id='par_1_2' title="bbox 209 639 1424 2687">
     <span class='ocr_line' id='line_1_2' title="bbox 266 639 1392 729; baseline 0.005 -22"><span class='ocrx_word' id='word_1_3' title='bbox 266 644 306 707; x_wconf 86' lang='lat' dir='ltr'>ad</span> <span class='ocrx_word' id='word_1_4' title='bbox 328 639 506 707; x_wconf 79' lang='lat' dir='ltr'>Corinthios</span> <span class='ocrx_word' id='word_1_5' title='bbox 528 660 602 706; x_wconf 89' lang='lat' dir='ltr'>usus</span> <span class='ocrx_word' id='word_1_6' title='bbox 623 640 757 723; x_wconf 90' lang='lat' dir='ltr'>epistola</span> <span class='ocrx_word' id='word_1_7' title='bbox 778 640 995 708; x_wconf 84' lang='lat' dir='ltr'>manifestauit</span> <span class='ocrx_word' id='word_1_8' title='bbox 1011 643 1174 725; x_wconf 89' lang='lat' dir='ltr'>spiritales</span> <span class='ocrx_word' id='word_1_9' title='bbox 1196 648 1304 729; x_wconf 87' lang='lat' dir='ltr'>epulas</span> <span class='ocrx_word' id='word_1_10' title='bbox 1327 664 1392 713; x_wconf 87' lang='lat' dir='ltr'>esse</span> 
     </span>
     <span class='ocr_line' id='line_1_3' title="bbox 262 744 1391 830; baseline 0.005 -21"><span class='ocrx_word' id='word_1_11' title='bbox 262 744 440 810; x_wconf 85' lang='lat' dir='ltr'>doctrinam</span> <span class='ocrx_word' id='word_1_12' title='bbox 476 744 597 810; x_wconf 85' lang='lat' dir='ltr'>dicens:</span> <span class='ocrx_word' id='word_1_13' title='bbox 634 748 788 828; x_wconf 62' lang='lat' dir='ltr'>et&#39;ego,</span> <span class='ocrx_word' id='word_1_14' title='bbox 819 744 990 825; x_wconf 84' lang='lat' dir='ltr'>fratres,</span> <span class='ocrx_word' id='word_1_15' title='bbox 1029 764 1103 811; x_wconf 86' lang='lat' dir='ltr'>non</span> <span class='ocrx_word' id='word_1_16' title='bbox 1132 751 1247 830; x_wconf 89' lang='lat' dir='ltr'>potui</span> <span class='ocrx_word' id='word_1_17' title='bbox 1280 750 1391 817; x_wconf 78' lang='lat' dir='ltr'>uotis</span> 
     </span>
     <span class='ocr_line' id='line_1_4' title="bbox 262 848 1390 933; baseline 0.007 -22"><span class='ocrx_word' id='word_1_18' title='bbox 262 848 372 930; x_wconf 90' lang='lat' dir='ltr'>loqui</span> <span class='ocrx_word' id='word_1_19' title='bbox 409 850 522 931; x_wconf 86' lang='lat' dir='ltr'>quasi</span> <span class='ocrx_word' id='word_1_20' title='bbox 560 848 829 931; x_wconf 78' lang='lat' dir='ltr'><strong>spiritalibus</strong></span> <span class='ocrx_word' id='word_1_21' title='bbox 872 851 939 917; x_wconf 91' lang='lat' dir='ltr'>sed</span> <span class='ocrx_word' id='word_1_22' title='bbox 984 852 1094 933; x_wconf 81' lang='lat' dir='ltr'>quasi</span> <span class='ocrx_word' id='word_1_23' title='bbox 1136 852 1390 932; x_wconf 83' lang='lat' dir='ltr'>carnalibus,</span> 
     </span>
     <span class='ocr_line' id='line_1_5' title="bbox 261 950 1390 1036; baseline 0.006 -21"><span class='ocrx_word' id='word_1_24' title='bbox 261 953 376 1035; x_wconf 87' lang='lat' dir='ltr'>quasi</span> <span class='ocrx_word' id='word_1_25' title='bbox 405 950 699 1018; x_wconf 79' lang='lat' dir='ltr'>inientihus‹iu</span> <span class='ocrx_word' id='word_1_26' title='bbox 729 951 886 1021; x_wconf 79' lang='lat' dir='ltr'>Christo</span> <span class='ocrx_word' id='word_1_27' title='bbox 909 952 971 1019; x_wconf 87' lang='lat' dir='ltr'>lac</span> <span class='ocrx_word' id='word_1_28' title='bbox 992 955 1264 1036; x_wconf 82' lang='lat' dir='ltr'>uobispocum</span> <span class='ocrx_word' id='word_1_29' title='bbox 1286 956 1390 1035; x_wconf 90' lang='lat' dir='ltr'>dedi,</span> 
     </span>
     <span class='ocr_line' id='line_1_6' title="bbox 261 1041 1424 1143; baseline 0 -24"><span class='ocrx_word' id='word_1_30' title='bbox 261 1074 335 1119; x_wconf 82' lang='lat' dir='ltr'>non</span> <span class='ocrx_word' id='word_1_31' title='bbox 368 1054 508 1121; x_wconf 89' lang='lat' dir='ltr'>cibum.</span> <span class='ocrx_word' id='word_1_32' title='bbox 554 1056 734 1121; x_wconf 84' lang='lat' dir='ltr'>nondum·</span> <span class='ocrx_word' id='word_1_33' title='bbox 758 1041 860 1119; x_wconf 86' lang='lat' dir='ltr'>enim</span> <span class='ocrx_word' id='word_1_34' title='bbox 892 1058 1102 1137; x_wconf 82' lang='lat' dir='ltr'>poteratis.</span> <span class='ocrx_word' id='word_1_35' title='bbox 1148 1060 1235 1141; x_wconf 83' lang='lat' dir='ltr'>quis’</span> <span class='ocrx_word' id='word_1_36' title='bbox 1258 1056 1424 1143; x_wconf 68' lang='lat' dir='ltr'>dubitata</span> 
     </span>
     <span class='ocr_line' id='line_1_7' title="bbox 261 1159 1390 1246; baseline 0.005 -24"><span class='ocrx_word' id='word_1_37' title='bbox 261 1174 385 1239; x_wconf 79' lang='lat' dir='ltr'>quaeso,</span> <span class='ocrx_word' id='word_1_38' title='bbox 407 1159 460 1223; x_wconf 92' lang='lat' dir='ltr'>uel</span> <span class='ocrx_word' id='word_1_39' title='bbox 482 1159 624 1242; x_wconf 84' lang='lat' dir='ltr'>ambiget</span> <span class='ocrx_word' id='word_1_40' title='bbox 652 1160 729 1224; x_wconf 89' lang='lat' dir='ltr'>haec</span> <span class='ocrx_word' id='word_1_41' title='bbox 760 1160 865 1223; x_wconf 90' lang='lat' dir='ltr'>omnia</span> <span class='ocrx_word' id='word_1_42' title='bbox 895 1160 1081 1242; x_wconf 77' lang='lat' dir='ltr'>spiritaliter</span> <span class='ocrx_word' id='word_1_43' title='bbox 1107 1162 1260 1246; x_wconf 74' lang='lat' dir='ltr'>figurata3</span> <span class='ocrx_word' id='word_1_44' title='bbox 1292 1181 1390 1246; x_wconf 87' lang='lat' dir='ltr'>neque</span> 
     </span>
     <span class='ocr_line' id='line_1_8' title="bbox 261 1260 1390 1347; baseline 0.005 -22"><span class='ocrx_word' id='word_1_45' title='bbox 261 1260 346 1326; x_wconf 88' lang='lat' dir='ltr'>eninr</span> <span class='ocrx_word' id='word_1_46' title='bbox 374 1260 470 1327; x_wconf 87' lang='lat' dir='ltr'>fuisso</span> <span class='ocrx_word' id='word_1_47' title='bbox 498 1263 571 1328; x_wconf 87' lang='lat' dir='ltr'>illos</span> <span class='ocrx_word' id='word_1_48' title='bbox 593 1262 732 1328; x_wconf 83' lang='lat' dir='ltr'>infantes</span> <span class='ocrx_word' id='word_1_49' title='bbox 758 1264 815 1328; x_wconf 89' lang='lat' dir='ltr'>aut</span> <span class='ocrx_word' id='word_1_50' title='bbox 844 1264 935 1328; x_wconf 87' lang='lat' dir='ltr'>lactis</span> <span class='ocrx_word' id='word_1_51' title='bbox 965 1264 1004 1329; x_wconf 89' lang='lat' dir='ltr'>ah</span> <span class='ocrx_word' id='word_1_52' title='bbox 1033 1264 1175 1347; x_wconf 88' lang='lat' dir='ltr'>apostolo</span> <span class='ocrx_word' id='word_1_53' title='bbox 1196 1265 1390 1331; x_wconf 85' lang='lat' dir='ltr'>nutrimenta</span> 
     </span>
     <span class='ocr_line' id='line_1_9' title="bbox 259 1365 1389 1453; baseline 0.004 -24"><span class='ocrx_word' id='word_1_54' title='bbox 259 1365 428 1448; x_wconf 79' lang='lat' dir='ltr'>sumpsisse</span> <span class='ocrx_word' id='word_1_55' title='bbox 451 1367 504 1431; x_wconf 91' lang='lat' dir='ltr'>uel</span> <span class='ocrx_word' id='word_1_56' title='bbox 524 1365 642 1431; x_wconf 89' lang='lat' dir='ltr'>stultus</span> <span class='ocrx_word' id='word_1_57' title='bbox 664 1366 780 1448; x_wconf 89' lang='lat' dir='ltr'>poterit</span> <span class='ocrx_word' id='word_1_58' title='bbox 803 1366 918 1449; x_wconf 85' lang='lat' dir='ltr'>aliquis</span> <span class='ocrx_word' id='word_1_59' title='bbox 941 1366 1188 1434; x_wconf 71' lang='lat' dir='ltr'>arbitrariam</span> <span class='ocrx_word' id='word_1_60' title='bbox 1209 1368 1389 1453; x_wconf 87' lang='lat' dir='ltr'>incipientes</span> 
     </span>
     <span class='ocr_line' id='line_1_10' title="bbox 260 1466 1390 1553; baseline 0.004 -20"><span class='ocrx_word' id='word_1_61' title='bbox 260 1466 360 1536; x_wconf 87' lang='lat' dir='ltr'>uerba</span> <span class='ocrx_word' id='word_1_62' title='bbox 380 1469 461 1551; x_wconf 84' lang='lat' dir='ltr'>legis</span> <span class='ocrx_word' id='word_1_63' title='bbox 481 1469 607 1534; x_wconf 86' lang='lat' dir='ltr'>haurire</span> <span class='ocrx_word' id='word_1_64' title='bbox 629 1487 666 1534; x_wconf 88' lang='lat' dir='ltr'>ac</span> <span class='ocrx_word' id='word_1_65' title='bbox 686 1470 842 1551; x_wconf 84' lang='lat' dir='ltr'>paulatim</span> <span class='ocrx_word' id='word_1_66' title='bbox 861 1470 976 1535; x_wconf 89' lang='lat' dir='ltr'>diuinis</span> <span class='ocrx_word' id='word_1_67' title='bbox 993 1470 1093 1537; x_wconf 88' lang='lat' dir='ltr'>imbui</span> <span class='ocrx_word' id='word_1_68' title='bbox 1108 1473 1271 1553; x_wconf 81' lang='lat' dir='ltr'>institutis,</span> <span class='ocrx_word' id='word_1_69' title='bbox 1290 1474 1390 1539; x_wconf 89' lang='lat' dir='ltr'>lactea</span> 
     </span>
     <span class='ocr_line' id='line_1_11' title="bbox 260 1570 1421 1659; baseline 0.001 -24"><span class='ocrx_word' id='word_1_70' title='bbox 260 1570 351 1636; x_wconf 87' lang='lat' dir='ltr'>uelut</span> <span class='ocrx_word' id='word_1_71' title='bbox 376 1571 513 1637; x_wconf 88' lang='lat' dir='ltr'>infantes</span> <span class='ocrx_word' id='word_1_72' title='bbox 536 1572 642 1637; x_wconf 87' lang='lat' dir='ltr'>hibero</span> <span class='ocrx_word' id='word_1_73' title='bbox 663 1572 836 1655; x_wconf 86' lang='lat' dir='ltr'>primordia</span> <span class='ocrx_word' id='word_1_74' title='bbox 857 1572 937 1639; x_wconf 87' lang='lat' dir='ltr'>soirc</span> <span class='ocrx_word' id='word_1_75' title='bbox 958 1593 1014 1639; x_wconf 90' lang='lat' dir='ltr'>nos</span> <span class='ocrx_word' id='word_1_76' title='bbox 1033 1576 1187 1656; x_wconf 85' lang='lat' dir='ltr'>conuenit,</span> <span class='ocrx_word' id='word_1_77' title='bbox 1212 1576 1287 1659; x_wconf 91' lang='lat' dir='ltr'>quia</span> <span class='ocrx_word' id='word_1_78' title='bbox 1307 1577 1421 1641; x_wconf 81' lang='lat' dir='ltr'>sicutro</span> 
     </span>
     <span class='ocr_line' id='line_1_12' title="bbox 260 1674 1388 1763; baseline 0.005 -24"><span class='ocrx_word' id='word_1_79' title='bbox 260 1674 410 1740; x_wconf 84' lang='lat' dir='ltr'>salutaris</span> <span class='ocrx_word' id='word_1_80' title='bbox 431 1674 592 1751; x_wconf 77' lang='lat' dir='ltr'>cibusest</span> <span class='ocrx_word' id='word_1_81' title='bbox 612 1675 696 1741; x_wconf 88' lang='lat' dir='ltr'>bona</span> <span class='ocrx_word' id='word_1_82' title='bbox 709 1675 861 1755; x_wconf 88' lang='lat' dir='ltr'>doctrina,</span> <span class='ocrx_word' id='word_1_83' title='bbox 884 1676 930 1742; x_wconf 90' lang='lat' dir='ltr'>sic</span> <span class='ocrx_word' id='word_1_84' title='bbox 945 1676 1055 1743; x_wconf 84' lang='lat' dir='ltr'>noxius</span> <span class='ocrx_word' id='word_1_85' title='bbox 1071 1683 1117 1744; x_wconf 91' lang='lat' dir='ltr'>est</span> <span class='ocrx_word' id='word_1_86' title='bbox 1136 1679 1289 1763; x_wconf 82' lang='lat' dir='ltr'>maligna.</span> <span class='ocrx_word' id='word_1_87' title='bbox 1318 1679 1388 1745; x_wconf 86' lang='lat' dir='ltr'>ideo</span> 
     </span>
     <span class='ocr_line' id='line_1_13' title="bbox 259 1777 1388 1861; baseline 0.004 -18"><span class='ocrx_word' id='word_1_88' title='bbox 259 1777 415 1844; x_wconf 81' lang='lat' dir='ltr'>Dominus</span> <span class='ocrx_word' id='word_1_89' title='bbox 447 1778 616 1861; x_wconf 86' lang='lat' dir='ltr'>discipulos</span> <span class='ocrx_word' id='word_1_90' title='bbox 647 1779 848 1859; x_wconf 86' lang='lat' dir='ltr'>ammonebat</span> <span class='ocrx_word' id='word_1_91' title='bbox 870 1798 889 1845; x_wconf 89' lang='lat' dir='ltr'>a</span> <span class='ocrx_word' id='word_1_92' title='bbox 916 1780 1070 1845; x_wconf 83' lang='lat' dir='ltr'>fermento</span> <span class='ocrx_word' id='word_1_93' title='bbox 1092 1782 1335 1847; x_wconf 81' lang='lat' dir='ltr'>Pharisaeorum</span> <span class='ocrx_word' id='word_1_94' title='bbox 1358 1787 1388 1847; x_wconf 86' lang='lat' dir='ltr'>et</span> 
     </span>
     <span class='ocr_line' id='line_1_14' title="bbox 209 1878 1388 1969; baseline 0.004 -23"><span class='ocrx_word' id='word_1_95' title='bbox 209 1897 214 1906; x_wconf 81' lang='lat'><em>·</em></span> <span class='ocrx_word' id='word_1_96' title='bbox 258 1878 507 1947; x_wconf 74' lang='lat' dir='ltr'>Sadducaeorum</span> <span class='ocrx_word' id='word_1_97' title='bbox 521 1882 696 1967; x_wconf 74' lang='lat' dir='ltr'>specialiter</span> <span class='ocrx_word' id='word_1_98' title='bbox 710 1902 743 1948; x_wconf 89' lang='lat' dir='ltr'>se</span> <span class='ocrx_word' id='word_1_99' title='bbox 759 1901 879 1964; x_wconf 85' lang='lat' dir='ltr'>cauere,</span> <span class='ocrx_word' id='word_1_100' title='bbox 898 1884 998 1948; x_wconf 89' lang='lat' dir='ltr'>sciens</span> <span class='ocrx_word' id='word_1_101' title='bbox 1019 1886 1102 1950; x_wconf 92' lang='lat' dir='ltr'>acidi</span> <span class='ocrx_word' id='word_1_102' title='bbox 1124 1886 1279 1969; x_wconf 85' lang='lat' dir='ltr'>dogmatis</span> <span class='ocrx_word' id='word_1_103' title='bbox 1301 1886 1388 1951; x_wconf 84' lang='lat' dir='ltr'>uirus</span> 
     </span>
     <span class='ocr_line' id='line_1_15' title="bbox 257 1985 1387 2073; baseline 0.004 -23"><span class='ocrx_word' id='word_1_104' title='bbox 257 1985 556 2052; x_wconf 72' lang='lat' dir='ltr'>conmonuemus</span> <span class='ocrx_word' id='word_1_105' title='bbox 578 1986 757 2053; x_wconf 87' lang='lat' dir='ltr'>ubertatem</span> <span class='ocrx_word' id='word_1_106' title='bbox 781 2005 878 2072; x_wconf 88' lang='lat' dir='ltr'>paruo</span> <span class='ocrx_word' id='word_1_107' title='bbox 901 1990 988 2055; x_wconf 88' lang='lat' dir='ltr'>tactu</span> <span class='ocrx_word' id='word_1_108' title='bbox 1011 2008 1218 2072; x_wconf 85' lang='lat' dir='ltr'>corrumpere,</span> <span class='ocrx_word' id='word_1_109' title='bbox 1243 1990 1387 2073; x_wconf 88' lang='lat' dir='ltr'>quoniam</span> 
     </span>
     <span class='ocr_line' id='line_1_16' title="bbox 258 2089 1420 2174; baseline 0.004 -22"><span class='ocrx_word' id='word_1_110' title='bbox 258 2089 429 2153; x_wconf 87' lang='lat' dir='ltr'>seeundum</span> <span class='ocrx_word' id='word_1_111' title='bbox 459 2091 540 2172; x_wconf 89' lang='lat' dir='ltr'>quod</span> <span class='ocrx_word' id='word_1_112' title='bbox 569 2091 614 2155; x_wconf 91' lang='lat' dir='ltr'>ait</span> <span class='ocrx_word' id='word_1_113' title='bbox 637 2092 721 2156; x_wconf 90' lang='lat' dir='ltr'>idem</span> <span class='ocrx_word' id='word_1_114' title='bbox 751 2092 869 2157; x_wconf 89' lang='lat' dir='ltr'>Paulus</span> <span class='ocrx_word' id='word_1_115' title='bbox 893 2094 1068 2174; x_wconf 86' lang='lat' dir='ltr'>apostolus,</span> <span class='ocrx_word' id='word_1_116' title='bbox 1092 2094 1289 2159; x_wconf 89' lang='lat' dir='ltr'>modicum</span> <span class='ocrx_word' id='word_1_117' title='bbox 1312 2093 1420 2157; x_wconf 74' lang='lat' dir='ltr'>ier-1⁵</span> 
     </span>
     <span class='ocr_line' id='line_1_17' title="bbox 258 2192 1386 2279; baseline 0.005 -25"><span class='ocrx_word' id='word_1_118' title='bbox 258 2192 380 2256; x_wconf 87' lang='lat' dir='ltr'>menti</span> <span class='ocrx_word' id='word_1_119' title='bbox 408 2194 533 2258; x_wconf 88' lang='lat' dir='ltr'>totam</span> <span class='ocrx_word' id='word_1_120' title='bbox 557 2212 726 2259; x_wconf 88' lang='lat' dir='ltr'>massam</span> <span class='ocrx_word' id='word_1_121' title='bbox 750 2197 987 2277; x_wconf 78' lang='lat' dir='ltr'>corrumpit:</span> <span class='ocrx_word' id='word_1_122' title='bbox 1011 2215 1086 2261; x_wconf 86' lang='lat' dir='ltr'>nam</span> <span class='ocrx_word' id='word_1_123' title='bbox 1108 2196 1167 2262; x_wconf 88' lang='lat' dir='ltr'>etsi</span> <span class='ocrx_word' id='word_1_124' title='bbox 1190 2214 1301 2279; x_wconf 86' lang='lat' dir='ltr'>eorpus</span> <span class='ocrx_word' id='word_1_125' title='bbox 1324 2196 1386 2260; x_wconf 91' lang='lat' dir='ltr'>Do-</span> 
     </span>
     <span class='ocr_line' id='line_1_18' title="bbox 257 2294 1386 2384; baseline 0.007 -27"><span class='ocrx_word' id='word_1_126' title='bbox 257 2294 337 2359; x_wconf 89' lang='lat' dir='ltr'>mini</span> <span class='ocrx_word' id='word_1_127' title='bbox 359 2296 458 2360; x_wconf 90' lang='lat' dir='ltr'>nostri</span> <span class='ocrx_word' id='word_1_128' title='bbox 480 2297 552 2361; x_wconf 88' lang='lat' dir='ltr'>Iasu</span> <span class='ocrx_word' id='word_1_129' title='bbox 574 2295 692 2363; x_wconf 79' lang='lat' dir='ltr'>Christi</span> <span class='ocrx_word' id='word_1_130' title='bbox 715 2299 816 2379; x_wconf 84' lang='lat' dir='ltr'>magis</span> <span class='ocrx_word' id='word_1_131' title='bbox 840 2317 906 2363; x_wconf 87' lang='lat' dir='ltr'>esse</span> <span class='ocrx_word' id='word_1_132' title='bbox 929 2299 1093 2365; x_wconf 82' lang='lat' dir='ltr'>tradamus</span> <span class='ocrx_word' id='word_1_133' title='bbox 1113 2300 1194 2366; x_wconf 89' lang='lat' dir='ltr'>hunc</span> <span class='ocrx_word' id='word_1_134' title='bbox 1208 2318 1332 2384; x_wconf 88' lang='lat' dir='ltr'>panem,</span> <span class='ocrx_word' id='word_1_135' title='bbox 1349 2301 1386 2365; x_wconf 89' lang='lat' dir='ltr'>ab</span> 
     </span>
     <span class='ocr_line' id='line_1_19' title="bbox 255 2396 1384 2486; baseline 0.006 -26"><span class='ocrx_word' id='word_1_136' title='bbox 255 2396 396 2479; x_wconf 84' lang='lat' dir='ltr'>spiritali</span> <span class='ocrx_word' id='word_1_137' title='bbox 427 2399 634 2466; x_wconf 86' lang='lat' dir='ltr'>nihilomiuus</span> <span class='ocrx_word' id='word_1_138' title='bbox 667 2402 790 2467; x_wconf 88' lang='lat' dir='ltr'>ratione</span> <span class='ocrx_word' id='word_1_139' title='bbox 822 2421 1019 2486; x_wconf 86' lang='lat' dir='ltr'>nequaquam</span> <span class='ocrx_word' id='word_1_140' title='bbox 1052 2402 1192 2469; x_wconf 86' lang='lat' dir='ltr'>noscitur</span> <span class='ocrx_word' id='word_1_141' title='bbox 1218 2403 1384 2478; x_wconf 89' lang='lat' dir='ltr'>declinare,</span> 
     </span>
     <span class='ocr_line' id='line_1_20' title="bbox 257 2504 1384 2589; baseline 0.003 -23"><span class='ocrx_word' id='word_1_142' title='bbox 257 2504 392 2567; x_wconf 83' lang='lat' dir='ltr'>maximo</span> <span class='ocrx_word' id='word_1_143' title='bbox 422 2504 495 2586; x_wconf 90' lang='lat' dir='ltr'>quia</span> <span class='ocrx_word' id='word_1_144' title='bbox 524 2506 598 2571; x_wconf 89' lang='lat' dir='ltr'>talis</span> <span class='ocrx_word' id='word_1_145' title='bbox 628 2506 767 2589; x_wconf 86' lang='lat' dir='ltr'>epulatio</span> <span class='ocrx_word' id='word_1_146' title='bbox 795 2505 853 2570; x_wconf 86' lang='lat' dir='ltr'>uei</span> <span class='ocrx_word' id='word_1_147' title='bbox 877 2505 953 2571; x_wconf 87' lang='lat' dir='ltr'>talis</span> <span class='ocrx_word' id='word_1_148' title='bbox 980 2508 1080 2572; x_wconf 86' lang='lat' dir='ltr'>oratio</span> <span class='ocrx_word' id='word_1_149' title='bbox 1102 2507 1184 2572; x_wconf 83' lang='lat' dir='ltr'>nulli</span> <span class='ocrx_word' id='word_1_150' title='bbox 1206 2506 1384 2587; x_wconf 81' lang='lat' dir='ltr'>gentilium,</span> 
     </span>
     <span class='ocr_line' id='line_1_21' title="bbox 256 2605 1417 2687; baseline 0.005 -18"><span class='ocrx_word' id='word_1_151' title='bbox 256 2605 338 2670; x_wconf 91' lang='lat' dir='ltr'>nulli</span> <span class='ocrx_word' id='word_1_152' title='bbox 359 2606 555 2687; x_wconf 87' lang='lat' dir='ltr'>Indaeorum,</span> <span class='ocrx_word' id='word_1_153' title='bbox 579 2609 640 2673; x_wconf 89' lang='lat' dir='ltr'>nisi</span> <span class='ocrx_word' id='word_1_154' title='bbox 662 2608 737 2673; x_wconf 89' lang='lat' dir='ltr'>solis</span> <span class='ocrx_word' id='word_1_155' title='bbox 758 2608 913 2674; x_wconf 87' lang='lat' dir='ltr'>diuinitus</span> <span class='ocrx_word' id='word_1_156' title='bbox 935 2609 1073 2675; x_wconf 88' lang='lat' dir='ltr'>traditur</span> <span class='ocrx_word' id='word_1_157' title='bbox 1094 2609 1291 2677; x_wconf 83' lang='lat' dir='ltr'>Christianis.</span> <span class='ocrx_word' id='word_1_158' title='bbox 1394 2634 1417 2675; x_wconf 80' lang='lat' dir='ltr'>ro</span> 
     </span>
    </p>
   </div>
   <div class='ocr_carea' id='block_1_3' title="bbox 213 2778 986 2857">
    <p class='ocr_par' dir='ltr' id='par_1_3' title="bbox 213 2778 986 2857">
     <span class='ocr_line' id='line_1_22' title="bbox 213 2778 986 2857; baseline 0.005 -26"><span class='ocrx_word' id='word_1_159' title='bbox 213 2852 218 2857; x_wconf 19' lang='lat'>⁸</span> <span class='ocrx_word' id='word_1_160' title='bbox 339 2778 661 2846; x_wconf 72' lang='lat' dir='ltr'>aar.1co1.a,1.a</span> <span class='ocrx_word' id='word_1_161' title='bbox 765 2780 986 2848; x_wconf 63' lang='lat' dir='ltr'>arcanae</span> 
     </span>
    </p>
   </div>
   <div class='ocr_carea' id='block_1_4' title="bbox 307 2895 1385 3005">
    <p class='ocr_par' dir='ltr' id='par_1_4' title="bbox 307 2895 1385 3005">
     <span class='ocr_line' id='line_1_23' title="bbox 307 2895 1385 3005; baseline 0.002 -18"><span class='ocrx_word' id='word_1_162' title='bbox 307 2935 321 2987; x_wconf 92' lang='lat'>1</span> <span class='ocrx_word' id='word_1_163' title='bbox 348 2933 517 2988; x_wconf 87' lang='lat' dir='ltr'>chorinthios</span> <span class='ocrx_word' id='word_1_164' title='bbox 543 2933 577 2999; x_wconf 88' lang='lat' dir='ltr'>P,</span> <span class='ocrx_word' id='word_1_165' title='bbox 606 2935 738 2989; x_wconf 85' lang='lat' dir='ltr'>coriuteos</span> <span class='ocrx_word' id='word_1_166' title='bbox 764 2935 809 3000; x_wconf 87' lang='lat' dir='ltr'>H,</span> <span class='ocrx_word' id='word_1_167' title='bbox 845 2935 996 2989; x_wconf 85' lang='lat' dir='ltr'>coritithios</span> <span class='ocrx_word' id='word_1_168' title='bbox 1023 2935 1051 2990; x_wconf 94' lang='grc' dir='ltr'><strong><em>Β</em></strong></span> <span class='ocrx_word' id='word_1_169' title='bbox 1155 2895 1270 3005; x_wconf 77' lang='lat' dir='ltr'>epistola</span> <span class='ocrx_word' id='word_1_170' title='bbox 1295 2934 1385 3000; x_wconf 87' lang='grc' dir='ltr'><strong><em>ΡΒΗ,</em></strong></span> 
     </span>
    </p>
   </div>
   <div class='ocr_carea' id='block_1_5' title="bbox 253 3022 1386 3453">
    <p class='ocr_par' dir='ltr' id='par_1_5' title="bbox 253 3022 1386 3453">
     <span class='ocr_line' id='line_1_24' title="bbox 255 3022 1318 3110; baseline 0 -17"><span class='ocrx_word' id='word_1_171' title='bbox 255 3042 315 3107; x_wconf 81' lang='lat' dir='ltr'>epra</span> <span class='ocrx_word' id='word_1_172' title='bbox 337 3038 365 3093; x_wconf 94' lang='grc' dir='ltr'><strong><em>Β</em></strong></span> <span class='ocrx_word' id='word_1_173' title='bbox 468 3022 584 3093; x_wconf 68' lang='lat' dir='ltr'>tuabit</span> <span class='ocrx_word' id='word_1_174' title='bbox 600 3038 624 3104; x_wconf 89' lang='lat' dir='ltr'>(i</span> <span class='ocrx_word' id='word_1_175' title='bbox 639 3051 657 3092; x_wconf 88' lang='grc' dir='ltr'><strong><em>α</em></strong></span> <span class='ocrx_word' id='word_1_176' title='bbox 674 3055 708 3093; x_wconf 85' lang='lat' dir='ltr'>m.</span> <span class='ocrx_word' id='word_1_177' title='bbox 727 3041 756 3108; x_wconf 83' lang='lat'>2)</span> <span class='ocrx_word' id='word_1_178' title='bbox 778 3039 808 3095; x_wconf 97' lang='grc' dir='ltr'><strong><em>Β</em></strong></span> <span class='ocrx_word' id='word_1_179' title='bbox 910 3039 1102 3093; x_wconf 74' lang='lat' dir='ltr'>dcarnalibus</span> <span class='ocrx_word' id='word_1_180' title='bbox 1121 3038 1197 3110; x_wconf 90' lang='lat' dir='ltr'>quasi</span> <span class='ocrx_word' id='word_1_181' title='bbox 1218 3055 1268 3093; x_wconf 87' lang='lat' dir='ltr'>om.</span> <span class='ocrx_word' id='word_1_182' title='bbox 1291 3038 1318 3093; x_wconf 96' lang='grc' dir='ltr'><strong><em>Β</em></strong></span> 
     </span>
     <span class='ocr_line' id='line_1_25' title="bbox 253 3124 1386 3194; baseline 0.001 -16"><span class='ocrx_word' id='word_1_183' title='bbox 253 3124 597 3193; x_wconf 84' lang='lat' dir='ltr'>4potumlncdediHBo</span> <span class='ocrx_word' id='word_1_184' title='bbox 691 3126 776 3193; x_wconf 79' lang='lat' dir='ltr'>(ique</span> <span class='ocrx_word' id='word_1_185' title='bbox 788 3125 831 3179; x_wconf 82' lang='lat' dir='ltr'>sod</span> <span class='ocrx_word' id='word_1_186' title='bbox 842 3125 878 3189; x_wconf 95' lang='grc' dir='ltr'><strong><em>Β,</em></strong></span> <span class='ocrx_word' id='word_1_187' title='bbox 909 3125 1033 3194; x_wconf 85' lang='lat' dir='ltr'>solusque</span> <span class='ocrx_word' id='word_1_188' title='bbox 1045 3125 1106 3180; x_wconf 81' lang='lat' dir='ltr'>Iar.</span> <span class='ocrx_word' id='word_1_189' title='bbox 1200 3125 1386 3194; x_wconf 86' lang='lat' dir='ltr'>quisdiehitot</span> 
     </span>
     <span class='ocr_line' id='line_1_26' title="bbox 254 3208 1317 3281; baseline 0.001 -16"><span class='ocrx_word' id='word_1_190' title='bbox 254 3227 305 3280; x_wconf 88' lang='lat' dir='ltr'>quc</span> <span class='ocrx_word' id='word_1_191' title='bbox 317 3210 389 3265; x_wconf 86' lang='lat' dir='ltr'>solus</span> <span class='ocrx_word' id='word_1_192' title='bbox 403 3210 422 3263; x_wconf 94' lang='lat'><em>1</em></span> <span class='ocrx_word' id='word_1_193' title='bbox 517 3212 602 3280; x_wconf 71' lang='lat' dir='ltr'>irrogat</span> <span class='ocrx_word' id='word_1_194' title='bbox 619 3215 685 3279; x_wconf 83' lang='lat' dir='ltr'>(rae.</span> <span class='ocrx_word' id='word_1_195' title='bbox 698 3214 735 3266; x_wconf 72' lang='lat'>12</span> <span class='ocrx_word' id='word_1_196' title='bbox 747 3212 810 3277; x_wconf 78' lang='lat' dir='ltr'>litt.)</span> <span class='ocrx_word' id='word_1_197' title='bbox 828 3212 862 3265; x_wconf 90' lang='grc' dir='ltr'><strong>Η</strong></span> <span class='ocrx_word' id='word_1_198' title='bbox 957 3212 1069 3281; x_wconf 84' lang='lat' dir='ltr'>figurari</span> <span class='ocrx_word' id='word_1_199' title='bbox 1086 3228 1103 3266; x_wconf 84' lang='lat' dir='ltr'>a</span> <span class='ocrx_word' id='word_1_200' title='bbox 1121 3210 1232 3281; x_wconf 85' lang='lat' dir='ltr'>(figurat</span> <span class='ocrx_word' id='word_1_201' title='bbox 1249 3208 1317 3278; x_wconf 79' lang='lat' dir='ltr'>dot.)</span> 
     </span>
     <span class='ocr_line' id='line_1_27' title="bbox 255 3296 1383 3369; baseline -0.001 -18"><span class='ocrx_word' id='word_1_202' title='bbox 255 3298 271 3351; x_wconf 78' lang='grc'><strong>7</strong></span> <span class='ocrx_word' id='word_1_203' title='bbox 294 3300 326 3351; x_wconf 90' lang='lat' dir='ltr'>ut</span> <span class='ocrx_word' id='word_1_204' title='bbox 348 3297 429 3353; x_wconf 82' lang='lat' dir='ltr'>lactis</span> <span class='ocrx_word' id='word_1_205' title='bbox 450 3298 485 3352; x_wconf 88' lang='grc' dir='ltr'><strong>Η</strong></span> <span class='ocrx_word' id='word_1_206' title='bbox 583 3298 600 3351; x_wconf 89' lang='grc'><strong>8</strong></span> <span class='ocrx_word' id='word_1_207' title='bbox 622 3298 840 3352; x_wconf 84' lang='lat' dir='ltr'>nel-arbitrari</span> <span class='ocrx_word' id='word_1_208' title='bbox 862 3314 911 3352; x_wconf 85' lang='lat' dir='ltr'>om.</span> <span class='ocrx_word' id='word_1_209' title='bbox 934 3298 974 3363; x_wconf 93' lang='lat' dir='ltr'>B,</span> <span class='ocrx_word' id='word_1_210' title='bbox 997 3298 1032 3352; x_wconf 79' lang='lat' dir='ltr'>&#39;ia</span> <span class='ocrx_word' id='word_1_211' title='bbox 1048 3314 1101 3369; x_wconf 72' lang='lat' dir='ltr'>my,</span> <span class='ocrx_word' id='word_1_212' title='bbox 1118 3314 1152 3352; x_wconf 88' lang='lat' dir='ltr'>m.</span> <span class='ocrx_word' id='word_1_213' title='bbox 1171 3299 1206 3353; x_wconf 84' lang='lat' dir='ltr'>ol.</span> <span class='ocrx_word' id='word_1_214' title='bbox 1224 3296 1383 3369; x_wconf 70' lang='lat' dir='ltr'>liquisiaiirii</span> 
     </span>
     <span class='ocr_line' id='line_1_28' title="bbox 254 3382 1358 3453; baseline 0 -16"><span class='ocrx_word' id='word_1_215' title='bbox 254 3384 343 3438; x_wconf 82' lang='lat' dir='ltr'>statur</span> <span class='ocrx_word' id='word_1_216' title='bbox 360 3383 479 3451; x_wconf 82' lang='lat' dir='ltr'>potuer-it</span> <span class='ocrx_word' id='word_1_217' title='bbox 495 3383 593 3451; x_wconf 82' lang='lat' dir='ltr'>aliquis</span> <span class='ocrx_word' id='word_1_218' title='bbox 612 3382 641 3437; x_wconf 91' lang='lat' dir='ltr'><strong><em>P</em></strong></span> <span class='ocrx_word' id='word_1_219' title='bbox 734 3384 833 3453; x_wconf 79' lang='lat' dir='ltr'>aliquia</span> <span class='ocrx_word' id='word_1_220' title='bbox 850 3384 951 3452; x_wconf 89' lang='lat' dir='ltr'>poterit</span> <span class='ocrx_word' id='word_1_221' title='bbox 970 3384 1021 3439; x_wconf 83' lang='lat' dir='ltr'>Hc</span> <span class='ocrx_word' id='word_1_222' title='bbox 1118 3384 1275 3453; x_wconf 83' lang='lat' dir='ltr'>incipientis</span> <span class='ocrx_word' id='word_1_223' title='bbox 1292 3384 1358 3437; x_wconf 69' lang='lat' dir='ltr'>P,</span> 
     </span>
    </p>
   </div>
   <div class='ocr_carea' id='block_1_6' title="bbox 254 3490 1319 3571">
    <p class='ocr_par' dir='ltr' id='par_1_6' title="bbox 254 3490 1319 3571">
     <span class='ocr_line' id='line_1_29' title="bbox 254 3490 1319 3571; baseline 0 -13"><span class='ocrx_word' id='word_1_224' title='bbox 254 3504 272 3558; x_wconf 83' lang='grc'><strong>9</strong></span> <span class='ocrx_word' id='word_1_225' title='bbox 295 3502 382 3557; x_wconf 85' lang='lat' dir='ltr'>aurire</span> <span class='ocrx_word' id='word_1_226' title='bbox 404 3501 455 3558; x_wconf 89' lang='lat' dir='ltr'>PB</span> <span class='ocrx_word' id='word_1_227' title='bbox 477 3503 507 3571; x_wconf 83' lang='lat' dir='ltr'>(h</span> <span class='ocrx_word' id='word_1_228' title='bbox 524 3519 559 3560; x_wconf 79' lang='lat' dir='ltr'>ra.</span> <span class='ocrx_word' id='word_1_229' title='bbox 577 3504 615 3558; x_wconf 80' lang='lat' dir='ltr'>al.</span> <span class='ocrx_word' id='word_1_230' title='bbox 633 3502 712 3571; x_wconf 85' lang='lat' dir='ltr'>add.)</span> <span class='ocrx_word' id='word_1_231' title='bbox 813 3490 933 3558; x_wconf 75' lang='lat' dir='ltr'>institas</span> <span class='ocrx_word' id='word_1_232' title='bbox 948 3504 976 3557; x_wconf 95' lang='lat' dir='ltr'><strong><em>P</em></strong></span> <span class='ocrx_word' id='word_1_233' title='bbox 1086 3504 1171 3558; x_wconf 86' lang='lat' dir='ltr'>lactea</span> <span class='ocrx_word' id='word_1_234' title='bbox 1193 3505 1269 3558; x_wconf 85' lang='lat' dir='ltr'>ilunt</span> <span class='ocrx_word' id='word_1_235' title='bbox 1291 3504 1319 3558; x_wconf 91' lang='lat' dir='ltr'><em>P</em></span> 
     </span>
    </p>
   </div>
   <div class='ocr_carea' id='block_1_7' title="bbox 252 3589 1384 3848">
    <p class='ocr_par' dir='ltr' id='par_1_7' title="bbox 252 3589 1384 3848">
     <span class='ocr_line' id='line_1_30' title="bbox 255 3589 1384 3687; baseline -0.003 -26"><span class='ocrx_word' id='word_1_236' title='bbox 255 3605 289 3661; x_wconf 89' lang='lat'>10</span> <span class='ocrx_word' id='word_1_237' title='bbox 306 3605 412 3662; x_wconf 84' lang='lat' dir='ltr'>ebihere</span> <span class='ocrx_word' id='word_1_238' title='bbox 429 3606 521 3661; x_wconf 85' lang='lat' dir='ltr'>HBo-</span> <span class='ocrx_word' id='word_1_239' title='bbox 606 3608 666 3675; x_wconf 78' lang='lat' dir='ltr'>nos]</span> <span class='ocrx_word' id='word_1_240' title='bbox 685 3589 745 3660; x_wconf 49' lang='lat' dir='ltr'>omvs</span> <span class='ocrx_word' id='word_1_241' title='bbox 760 3606 797 3672; x_wconf 88' lang='grc' dir='ltr'>Β,</span> <span class='ocrx_word' id='word_1_242' title='bbox 828 3622 878 3687; x_wconf 75' lang='lat' dir='ltr'>oea.</span> <span class='ocrx_word' id='word_1_243' title='bbox 896 3622 926 3671; x_wconf 86' lang='lat' dir='ltr'>o,</span> <span class='ocrx_word' id='word_1_244' title='bbox 956 3621 1023 3661; x_wconf 88' lang='lat' dir='ltr'>uero</span> <span class='ocrx_word' id='word_1_245' title='bbox 1036 3622 1086 3661; x_wconf 84' lang='lat' dir='ltr'>noa</span> <span class='ocrx_word' id='word_1_246' title='bbox 1103 3607 1130 3661; x_wconf 91' lang='lat' dir='ltr'><strong><em>P</em></strong></span> <span class='ocrx_word' id='word_1_247' title='bbox 1228 3596 1288 3675; x_wconf 80' lang='lat' dir='ltr'>qui‘</span> <span class='ocrx_word' id='word_1_248' title='bbox 1304 3610 1332 3672; x_wconf 86' lang='lat' dir='ltr'>(a</span> <span class='ocrx_word' id='word_1_249' title='bbox 1349 3606 1384 3660; x_wconf 81' lang='lat' dir='ltr'>at.</span> 
     </span>
     <span class='ocr_line' id='line_1_31' title="bbox 253 3691 1384 3763; baseline -0.001 -16"><span class='ocrx_word' id='word_1_250' title='bbox 253 3698 306 3747; x_wconf 80' lang='lat' dir='ltr'>atr.</span> <span class='ocrx_word' id='word_1_251' title='bbox 324 3696 393 3758; x_wconf 67' lang='lat' dir='ltr'>aaa&gt;</span> <span class='ocrx_word' id='word_1_252' title='bbox 410 3691 439 3745; x_wconf 91' lang='grc' dir='ltr'><strong><em>Β</em></strong></span> <span class='ocrx_word' id='word_1_253' title='bbox 542 3692 573 3747; x_wconf 92' lang='lat'>11</span> <span class='ocrx_word' id='word_1_254' title='bbox 598 3716 637 3746; x_wconf 73' lang='lat' dir='ltr'>m</span> <span class='ocrx_word' id='word_1_255' title='bbox 655 3692 704 3759; x_wconf 91' lang='lat' dir='ltr'>(sic</span> <span class='ocrx_word' id='word_1_256' title='bbox 721 3696 803 3757; x_wconf 80' lang='lat' dir='ltr'>crae.)</span> <span class='ocrx_word' id='word_1_257' title='bbox 821 3692 944 3748; x_wconf 85' lang='lat' dir='ltr'>doctriua</span> <span class='ocrx_word' id='word_1_258' title='bbox 961 3694 988 3747; x_wconf 93' lang='lat' dir='ltr'><strong><em>P</em></strong></span> <span class='ocrx_word' id='word_1_259' title='bbox 1091 3693 1221 3763; x_wconf 79' lang='lat' dir='ltr'>maligna]</span> <span class='ocrx_word' id='word_1_260' title='bbox 1239 3710 1326 3763; x_wconf 78' lang='lat' dir='ltr'>capro</span> <span class='ocrx_word' id='word_1_261' title='bbox 1344 3694 1384 3749; x_wconf 80' lang='lat' dir='ltr'>ast</span> 
     </span>
     <span class='ocr_line' id='line_1_32' title="bbox 252 3777 1384 3848; baseline -0.002 -14"><span class='ocrx_word' id='word_1_262' title='bbox 252 3795 287 3834; x_wconf 79' lang='lat' dir='ltr'>aa</span> <span class='ocrx_word' id='word_1_263' title='bbox 307 3780 343 3834; x_wconf 84' lang='lat' dir='ltr'>at.</span> <span class='ocrx_word' id='word_1_264' title='bbox 362 3778 435 3832; x_wconf 86' lang='lat' dir='ltr'>mala</span> <span class='ocrx_word' id='word_1_265' title='bbox 451 3777 479 3831; x_wconf 91' lang='grc' dir='ltr'><strong><em>Β</em></strong></span> <span class='ocrx_word' id='word_1_266' title='bbox 583 3778 895 3846; x_wconf 63' lang='lat' dir='ltr'>ammonebatur,</span> <span class='ocrx_word' id='word_1_267' title='bbox 924 3780 1085 3834; x_wconf 81' lang='lat' dir='ltr'>monetata</span> <span class='ocrx_word' id='word_1_268' title='bbox 1188 3779 1384 3848; x_wconf 82' lang='lat' dir='ltr'>pharisoeorum</span> 
     </span>
    </p>
   </div>
   <div class='ocr_carea' id='block_1_8' title="bbox 252 3864 1384 4107">
    <p class='ocr_par' dir='ltr' id='par_1_8' title="bbox 252 3864 1384 4107">
     <span class='ocr_line' id='line_1_33' title="bbox 254 3864 1384 3936; baseline -0.001 -15"><span class='ocrx_word' id='word_1_269' title='bbox 254 3867 288 3930; x_wconf 91' lang='lat' dir='ltr'>P,</span> <span class='ocrx_word' id='word_1_270' title='bbox 322 3866 461 3936; x_wconf 63' lang='lat' dir='ltr'>phariseo?</span> <span class='ocrx_word' id='word_1_271' title='bbox 491 3865 532 3931; x_wconf 91' lang='grc' dir='ltr'><strong><em>Β,</em></strong></span> <span class='ocrx_word' id='word_1_272' title='bbox 566 3864 731 3919; x_wconf 80' lang='lat' dir='ltr'>farisaeorum</span> <span class='ocrx_word' id='word_1_273' title='bbox 758 3866 786 3919; x_wconf 91' lang='lat' dir='ltr'><strong><em>B</em></strong></span> <span class='ocrx_word' id='word_1_274' title='bbox 890 3866 922 3921; x_wconf 81' lang='lat'>13</span> <span class='ocrx_word' id='word_1_275' title='bbox 946 3866 1072 3921; x_wconf 78' lang='lat' dir='ltr'>saduceor</span> <span class='ocrx_word' id='word_1_276' title='bbox 1094 3864 1160 3922; x_wconf 83' lang='grc' dir='ltr'>ΡΒι</span> <span class='ocrx_word' id='word_1_277' title='bbox 1188 3866 1215 3933; x_wconf 80' lang='lat' dir='ltr'>(d</span> <span class='ocrx_word' id='word_1_278' title='bbox 1236 3882 1258 3921; x_wconf 82' lang='lat' dir='ltr'>a.</span> <span class='ocrx_word' id='word_1_279' title='bbox 1276 3867 1294 3921; x_wconf 78' lang='lat' dir='ltr'>d.</span> <span class='ocrx_word' id='word_1_280' title='bbox 1312 3868 1384 3920; x_wconf 60' lang='lat' dir='ltr'>nat</span> 
     </span>
     <span class='ocr_line' id='line_1_34' title="bbox 252 3949 1383 4023; baseline -0.003 -15"><span class='ocrx_word' id='word_1_281' title='bbox 252 3952 329 4021; x_wconf 77' lang='lat' dir='ltr'>aad.)</span> <span class='ocrx_word' id='word_1_282' title='bbox 346 3952 383 4020; x_wconf 92' lang='lat' dir='ltr'>B,</span> <span class='ocrx_word' id='word_1_283' title='bbox 412 3950 608 4007; x_wconf 70' lang='lat' dir='ltr'>sadducaeorum</span> <span class='ocrx_word' id='word_1_284' title='bbox 622 3949 678 4004; x_wconf 75' lang='grc' dir='ltr'>Ἠυ</span> <span class='ocrx_word' id='word_1_285' title='bbox 764 3950 927 4019; x_wconf 85' lang='lat' dir='ltr'>spiritaliter</span> <span class='ocrx_word' id='word_1_286' title='bbox 942 3953 1213 4023; x_wconf 78' lang='lat' dir='ltr'>oetspiritualitero</span> <span class='ocrx_word' id='word_1_287' title='bbox 1299 3952 1383 4007; x_wconf 89' lang='lat' dir='ltr'>accidi</span> 
     </span>
     <span class='ocr_line' id='line_1_35' title="bbox 253 4037 1382 4107; baseline -0.002 -14"><span class='ocrx_word' id='word_1_288' title='bbox 253 4040 295 4107; x_wconf 90' lang='lat' dir='ltr'>P,</span> <span class='ocrx_word' id='word_1_289' title='bbox 330 4038 403 4093; x_wconf 79' lang='lat' dir='ltr'>accdi</span> <span class='ocrx_word' id='word_1_290' title='bbox 427 4038 456 4093; x_wconf 90' lang='grc' dir='ltr'><strong><em>Β</em></strong></span> <span class='ocrx_word' id='word_1_291' title='bbox 576 4037 665 4091; x_wconf 65' lang='lat' dir='ltr'>uirens</span> <span class='ocrx_word' id='word_1_292' title='bbox 693 4038 717 4103; x_wconf 89' lang='lat' dir='ltr'>(t</span> <span class='ocrx_word' id='word_1_293' title='bbox 740 4037 821 4105; x_wconf 60' lang='lat' dir='ltr'>aaa)</span> <span class='ocrx_word' id='word_1_294' title='bbox 847 4038 915 4104; x_wconf 86' lang='grc' dir='ltr'><strong><em>ΡΒ,</em></strong></span> <span class='ocrx_word' id='word_1_295' title='bbox 951 4039 1020 4092; x_wconf 59' lang='lat' dir='ltr'>uires</span> <span class='ocrx_word' id='word_1_296' title='bbox 1039 4039 1091 4104; x_wconf 70' lang='lat' dir='ltr'>fl,</span> <span class='ocrx_word' id='word_1_297' title='bbox 1125 4040 1199 4091; x_wconf 81' lang='lat' dir='ltr'>uiros</span> <span class='ocrx_word' id='word_1_298' title='bbox 1229 4038 1286 4093; x_wconf 81' lang='lat' dir='ltr'>doz.</span> <span class='ocrx_word' id='word_1_299' title='bbox 1315 4038 1382 4093; x_wconf 84' lang='lat' dir='ltr'>Par.</span> 
     </span>
    </p>
   </div>
   <div class='ocr_carea' id='block_1_9' title="bbox 252 4126 1381 4468">
    <p class='ocr_par' dir='ltr' id='par_1_9' title="bbox 252 4126 1381 4468">
     <span class='ocr_line' id='line_1_36' title="bbox 252 4126 1381 4211; baseline -0.001 -14"><span class='ocrx_word' id='word_1_300' title='bbox 252 4145 334 4198; x_wconf 81' lang='lat' dir='ltr'>Areo.</span> <span class='ocrx_word' id='word_1_301' title='bbox 439 4144 472 4198; x_wconf 79' lang='lat'>15</span> <span class='ocrx_word' id='word_1_302' title='bbox 488 4142 559 4197; x_wconf 89' lang='lat' dir='ltr'>idem</span> <span class='ocrx_word' id='word_1_303' title='bbox 578 4141 679 4196; x_wconf 87' lang='lat' dir='ltr'>Paulus</span> <span class='ocrx_word' id='word_1_304' title='bbox 696 4158 748 4197; x_wconf 81' lang='lat' dir='ltr'>ma.</span> <span class='ocrx_word' id='word_1_305' title='bbox 764 4142 805 4209; x_wconf 86' lang='grc' dir='ltr'>Η,</span> <span class='ocrx_word' id='word_1_306' title='bbox 835 4140 936 4196; x_wconf 87' lang='lat' dir='ltr'>Paulus</span> <span class='ocrx_word' id='word_1_307' title='bbox 953 4158 1003 4199; x_wconf 86' lang='lat' dir='ltr'>om.</span> <span class='ocrx_word' id='word_1_308' title='bbox 1023 4141 1051 4195; x_wconf 92' lang='lat' dir='ltr'><strong><em>P</em></strong></span> <span class='ocrx_word' id='word_1_309' title='bbox 1152 4126 1247 4211; x_wconf 69' lang='lat' dir='ltr'>fermqa</span> <span class='ocrx_word' id='word_1_310' title='bbox 1265 4142 1300 4207; x_wconf 93' lang='lat' dir='ltr'>P,</span> <span class='ocrx_word' id='word_1_311' title='bbox 1330 4143 1381 4197; x_wconf 84' lang='lat' dir='ltr'>fer·</span> 
     </span>
     <span class='ocr_line' id='line_1_37' title="bbox 252 4235 1381 4348; baseline 0.001 -30"><span class='ocrx_word' id='word_1_312' title='bbox 252 4264 337 4318; x_wconf 86' lang='lat' dir='ltr'>menti</span> <span class='ocrx_word' id='word_1_313' title='bbox 359 4263 429 4330; x_wconf 90' lang='grc' dir='ltr'>ΒΒ,</span> <span class='ocrx_word' id='word_1_314' title='bbox 458 4263 618 4318; x_wconf 84' lang='lat' dir='ltr'>fermentum</span> <span class='ocrx_word' id='word_1_315' title='bbox 642 4262 693 4317; x_wconf 84' lang='lat' dir='ltr'>Hc</span> <span class='ocrx_word' id='word_1_316' title='bbox 800 4266 832 4319; x_wconf 89' lang='lat'>16</span> <span class='ocrx_word' id='word_1_317' title='bbox 856 4264 1002 4333; x_wconf 75' lang='lat' dir='ltr'>corrumpit</span> <span class='ocrx_word' id='word_1_318' title='bbox 1022 4264 1051 4318; x_wconf 93' lang='grc' dir='ltr'><strong><em>Β</em></strong></span> <span class='ocrx_word' id='word_1_319' title='bbox 1154 4264 1188 4319; x_wconf 87' lang='grc'>18</span> <span class='ocrx_word' id='word_1_320' title='bbox 1205 4235 1325 4348; x_wconf 47' lang='lat' dir='ltr'>noscitur</span> <span class='ocrx_word' id='word_1_321' title='bbox 1355 4264 1381 4319; x_wconf 91' lang='grc' dir='ltr'><strong><em>Β</em></strong></span> 
     </span>
     <span class='ocr_line' id='line_1_38' title="bbox 252 4349 1113 4468; baseline 0.002 -30"><span class='ocrx_word' id='word_1_322' title='bbox 252 4349 394 4468; x_wconf 53' lang='grc' dir='ltr'>ςέαἰὶιώἰε</span> <span class='ocrx_word' id='word_1_323' title='bbox 412 4383 444 4436; x_wconf 91' lang='grc' dir='ltr'><strong>Η</strong></span> <span class='ocrx_word' id='word_1_324' title='bbox 461 4388 542 4450; x_wconf 79' lang='lat' dir='ltr'>(corr.</span> <span class='ocrx_word' id='word_1_325' title='bbox 559 4401 594 4438; x_wconf 83' lang='lat' dir='ltr'>m.</span> <span class='ocrx_word' id='word_1_326' title='bbox 612 4388 642 4453; x_wconf 75' lang='lat'>2)</span> <span class='ocrx_word' id='word_1_327' title='bbox 747 4386 779 4440; x_wconf 88' lang='lat'>19</span> <span class='ocrx_word' id='word_1_328' title='bbox 793 4392 857 4454; x_wconf 79' lang='lat' dir='ltr'>post</span> <span class='ocrx_word' id='word_1_329' title='bbox 875 4386 945 4439; x_wconf 87' lang='lat' dir='ltr'>uuili</span> <span class='ocrx_word' id='word_1_330' title='bbox 961 4400 1016 4440; x_wconf 80' lang='lat' dir='ltr'>raa.</span> <span class='ocrx_word' id='word_1_331' title='bbox 1035 4386 1068 4441; x_wconf 79' lang='lat' dir='ltr'>ia</span> <span class='ocrx_word' id='word_1_332' title='bbox 1085 4385 1113 4440; x_wconf 94' lang='grc' dir='ltr'><strong><em>Β</em></strong></span> 
     </span>
    </p>
   </div>
   <div class='ocr_carea' id='block_1_10' title="bbox 0 0 1576 5034">
    <p class='ocr_par' dir='ltr' id='par_1_10' title="bbox 0 0 1576 5034">
     <span class='ocr_line' id='line_1_39' title="bbox 0 0 1576 5034; baseline 0 4"><span class='ocrx_word' id='word_1_333' title='bbox 0 0 1576 5034; x_wconf 95' lang='lat' dir='ltr'> </span> 
     </span>
    </p>
   </div>
  </div>
 </body>
</html>
