3142 5034
1264 189 1267 191 .
1282 200 1319 238 N

1321 238 1361 285 N.

527 432 681 489 Pasohal.
702 435 823 504 Operis
846 433 916 490 Lib.
935 436 974 491 11.
1253 440 1315 505 201

188 619 339 699 membra,
379 620 412 685 et
439 622 491 687 oui
514 622 592 688 oaeli
613 642 730 706 paruus
768 627 817 690 est
838 624 938 707 limes,
967 625 1049 690 terra
1076 624 1192 704 defidit,
1222 625 1318 693 maris

186 724 272 790 unda
300 742 363 790 nou
390 722 509 790 suffieit
536 725 647 808 plenus
676 729 795 793 mansit
822 725 855 790 in
884 744 1010 809 eorpore
1039 729 1163 811 puerili,
1197 729 1318 795 modioo

187 828 272 893 Deus
294 826 448 892 recubans
468 827 503 892 iu
525 830 677 911 praesepi.

228 946 330 1030 Saluo,
358 966 472 1030 parens
508 947 636 1033 optima,
659 950 741 1016 tanti
763 951 847 1033 regis
868 938 1030 1035 puerperio
1054 954 1240 1029 consecrata,
1264 954 1346 1036 quii

162 1051 328 1132 esupemis
357 1052 405 1116 ita
431 1053 547 1137 iugiter
570 1051 748 1120 dominatur
770 1055 966 1134 minternis,
990 1056 1027 1121 ut
1049 1054 1117 1121 eius
1139 1056 1317 1137 imperium,

184 1157 323 1237 potestas
346 1158 378 1218 et
399 1171 512 1219 nomeu
533 1174 591 1221 neo
612 1154 741 1221 initium
764 1157 887 1223 nouerit
908 1157 1023 1224 habere
1045 1178 1101 1224 neo
1116 1159 1222 1237 finem,
1238 1178 1316 1241 quae

185 1256 271 1322 beati
298 1258 419 1322 uentris
447 1257 563 1324 honore
590 1258 755 1342 oonepiouo
782 1261 879 1325 simul
907 1264 939 1325 et
961 1265 1063 1327 meter
1085 1280 1154 1327 esse
1177 1262 1316 1346 probaris

184 1364 216 1425 et
244 1360 344 1443 uirgo.
382 1361 433 1425 oui
460 1362 548 1428 uuila
574 1363 700 1445 penitus
730 1363 869 1447 aequalis
898 1363 1017 1429 femina
1046 1364 1210 1447 reperitur,
1238 1384 1315 1447 quoe

183 1468 275 1551 tuum
303 1467 398 1530 deous
427 1464 573 1531 similiter
595 1467 802 1548 praecesserit
832 1469 888 1533 aut
913 1469 1078 1550 sequetur:
1103 1468 1170 1533 sola
1191 1468 1316 1550 plaeeus

147 1600 174 1641 no
184 1567 389 1651 singulariter
411 1565 533 1634 durno
555 1568 637 1635 nulli
658 1570 848 1653 compararis
871 1572 1021 1653 exemplo.

225 1690 314 1755 Tune
344 1689 477 1771 angelici
507 1689 703 1756 iucunditate
731 1691 884 1757 sermonis
906 1695 1047 1774 pastores
1070 1690 1166 1774 primi
1187 1696 1345 1775 gregemd

182 1812 275 1858 suum
303 1792 462 1859 nocturnis
489 1792 611 1876 uigiliis
638 1796 830 1859 reseruautes
859 1800 969 1861 uatum
998 1794 1169 1861 Dominum
1198 1812 1313 1878 eogno-

182 1896 304 1973 ueruut‚
338 1897 376 1961 nt
411 1896 444 1961 et
476 1898 654 1980 pastoribus
684 1899 793 1979 pastor
821 1898 932 1963 muudi
961 1898 1143 1964 olaresoeret
1173 1902 1205 1963 et
1231 1900 1316 1964 inter

181 2017 293 2083 greges
322 2016 422 2081 agnus
444 2002 569 2084 genitus
596 2001 771 2083 appareret.
809 2001 909 2085 igitur
931 2007 967 2065 ut
990 2002 1190 2083 euangelious
1212 2020 1315 2066 sermo

146 2104 334 2180 atestatur,
372 2105 418 2168 ita
453 2103 676 2186 pronuntians:
720 2105 759 2169 et
801 2103 935 2170 subito
978 2104 1085 2171 faeta
1128 2107 1187 2170 est
1231 2121 1315 2169 oum

181 2207 323 2289 angelo
359 2207 579 2273 multitudo
614 2207 792 2273 militiae
829 2208 1021 2274 caelestis
1064 2208 1316 2275 laudantium

181 2310 301 2375 Deum
337 2315 375 2375 et
412 2310 647 2377 dicentium:
684 2311 815 2394 gloria
851 2311 890 2377 in
926 2311 1139 2377 altissimis
1162 2312 1239 2377 Deo
1276 2315 1315 2375 et

180 2411 220 2479 iu
253 2417 361 2479 terra
392 2434 464 2497 pax
492 2413 720 2481 hominibus
749 2415 870 2481 bonae
898 2415 1134 2482 uoluntatis.
1178 2412 1315 2480 ostendit

182 2515 402 2601 Iduaugelistae
439 2517 540 2585 fidelis
576 2520 718 2601 assertio,
755 2518 794 2585 de
829 2520 917 2585 ouius
950 2522 1095 2603 ageretur
1128 2517 1180 2583 hio
1209 2533 1312 2599 reguo,

144 2620 304 2701 nequando
333 2622 474 2687 eoelestis
505 2621 629 2687 militae
656 2622 827 2687 multitudo
850 2623 952 2688 Deum
979 2621 1090 2687 laudat
1119 2622 1152 2687 iu
1181 2618 1313 2697 Christo,

180 2724 218 2787 ut
238 2724 312 2790 lioet
334 2725 471 2790 hnmana
492 2724 589 2790 fuerit
611 2742 667 2806 pro
689 2726 801 2789 matris
823 2724 1002 2790 condicione
1030 2724 1155 2802 creatio,
1185 2722 1313 2788 deitatis

180 2828 286 2891 tamen
315 2846 378 2893 una
407 2828 583 2893 oommuuio
605 2829 733 2893 Patrem
762 2830 908 2911 eognoeei
937 2827 1129 2893 demonstret
1158 2826 1192 2890 in
1221 2825 1313 2891 Filio.

181 2928 325 2995 dioebaut
354 2948 446 3013 ergo:
476 2930 607 3013 gloria
634 2930 674 2994 iu
705 2929 925 2995 altissimis
955 2929 1043 2994 Deo.
1082 2928 1190 3011 utique
1211 2928 1244 2992 iu
1266 2928 1313 2992 al-

179 3033 311 3098 tissimis
347 3034 447 3117 gloria
478 3032 537 3100 Dei
573 3033 756 3116 permansit,
794 3032 875 3099 uude
907 3031 1049 3098 Christus
1086 3031 1215 3097 ueniens
1252 3049 1312 3095 uou

143 3140 319 3209 rnreoeseit.
368 3142 407 3203 et
439 3136 477 3203 in
510 3142 618 3203 terra
650 3155 723 3220 par
760 3137 983 3203 hominibus
1021 3137 1142 3201 bonae
1176 3134 1313 3201 uolun-

283 3339 317 3393 15
333 3335 398 3392 Luc.
415 3338 441 3403 2,
462 3337 503 3395 13.
522 3339 556 3393 14

231 3528 419 3582 lonelumo
521 3525 600 3580 limes
620 3528 661 3593 (ee
678 3540 713 3580 eor
729 3526 754 3579 is
771 3528 853 3594 corr.)
877 3526 916 3591 R,
952 3525 1026 3580 limis
1053 3526 1111 3581 PH
1213 3526 1310 3581 defecit

178 3649 208 3703 P
305 3647 465 3703 isuiiioiat
487 3646 523 3700 H
620 3618 758 3699 ardisus
776 3648 859 3710 (eurr.
876 3662 912 3700 m.
930 3647 961 3711 2)
984 3645 1013 3702 B
1113 3646 1225 3701 durus
1243 3610 1323 3701 soff

178 3781 292 3821 mun
314 3766 342 3822 a
442 3730 610 3847 sesamis
634 3766 715 3832 (core.
732 3781 768 3819 m.
785 3767 817 3829 a)
841 3766 873 3818 rr
972 3736 1062 3847 urie
1085 3765 1120 3831 P,
1155 3764 1256 3820 infima
1274 3766 1310 3831 rr,

177 3869 290 3923 iuiemis
306 3870 408 3938 arripui
494 3883 556 3923 eum
568 3867 652 3922 irenis
668 3867 704 3921 H
786 3869 816 3920 et
832 3866 933 3921 infimis
945 3868 1132 3921 dominatura
1217 3868 1310 3937 8rep·

80 3995 84 3999 .
178 3956 282 4025 peritur
298 3955 331 4010 Η
427 3948 558 4039 9dee’em
576 3954 605 4007 P
701 3955 818 4008 senatur
836 3955 876 4019 Η,
906 3954 1031 4021 signetur
1048 3969 1065 4007 o
1082 3954 1222 4022 (sequatur
1239 3955 1309 4009 coni.

180 4058 264 4124 (doti.)
369 4058 403 4113 10
424 4058 499 4113 nullo
521 4058 550 4115 R
653 4058 684 4111 ll
708 4072 759 4113 rur
783 4072 957 4114 ansrenmue
980 4057 1113 4112 uvroruu'
1137 4072 1174 4112 aa
1198 4072 1309 4113 areum

177 4145 206 4199 R
309 4144 475 4198 ioouuditate
501 4144 569 4209 PR,
604 4143 770 4211 munditate
798 4146 839 4209 H,
874 4142 1083 4199 iaouuditateo
1195 4142 1228 4197 12
1254 4159 1308 4199 aer-

177 4268 308 4318 uauteso
404 4264 438 4319 14
454 4237 565 4333 appetii
584 4268 699 4333 (ream.
712 4266 742 4331 2)
760 4264 796 4318 H
883 4236 1032 4349 euangelii}
1049 4264 1079 4315 H
1091 4278 1160 4318 corr.
1173 4265 1241 4318 ma

178 4368 211 4423 ιτ
230 4350 295 4422 affin
313 4368 342 4423 P
435 4369 468 4422 19
485 4368 539 4422 nee
558 4369 585 4422 P
676 4368 711 4422 aa
728 4368 929 4423 demonstrare
1014 4365 1072 4420 nus
1094 4366 1149 4421 ooo.
1169 4367 1238 4427 Par.
