3142 5034
274 405 365 474 ¹280
798 404 933 459 sedunt

299 600 402 667 tutis
434 598 474 662 et
505 594 761 681 ignorantiae
794 612 839 659 ne
873 594 1114 670 memineris,
1145 596 1313 662 Domine.
1352 596 1426 679 qnid

299 721 386 787 ergo,
437 717 649 783 quaecumque
698 695 820 778 flagitia
862 697 1017 763 iuuenalis
1060 701 1144 764 aetas
1188 698 1351 763 admiserit
1393 699 1426 764 in

299 805 494 871 senectutem
516 800 632 868 debent
654 800 821 866 relaxando
842 802 985 865 seruari?
1013 798 1096 867 absit
1118 800 1154 867 ut
1175 802 1209 866 in
1230 799 1323 867 nobis
1346 801 1426 868 uitia

299 910 504 994 permaneant
532 906 565 971 et
586 905 759 971 senescant.
801 906 855 969 sed
879 921 950 969 curn
972 904 1080 969 diuina
1102 904 1271 971 clementia
1292 905 1424 987 patienti

299 1011 544 1098 longanimitate
568 1007 737 1073 mitissima
765 1006 875 1073 iudicii
904 1008 1097 1091 suspenderit
1126 1007 1288 1086 ultionem,
1319 1009 1458 1075 nullaer

299 1135 357 1183 nos
388 1135 424 1180 ex
456 1114 528 1180 istis
561 1112 692 1178 indutiis
724 1129 795 1194 spes
828 1109 1025 1193 impunitatis
1059 1110 1229 1189 obtundat;
1255 1110 1310 1176 sed
1345 1113 1424 1177 tam-

299 1238 395 1303 quam
417 1217 530 1283 famuii
551 1216 670 1281 diutius
693 1213 823 1298 fngitini
852 1232 919 1279 sero
941 1214 1046 1281 saltim
1069 1218 1211 1280 nostrum
1234 1216 1426 1281 reuertamur

299 1323 339 1389 ad
367 1322 546 1397 Dominum,
576 1320 615 1386 ab
644 1319 711 1401 ipso
739 1318 792 1383 uel
820 1336 906 1384 sones
934 1316 1075 1384 lubricae
1104 1317 1279 1384 iuuentutis
1301 1320 1424 1383 ueniam

299 1426 504 1512 postulantes,
553 1423 697 1506 quamuis
743 1422 908 1487 conueniat
949 1440 1202 1505 unumquemque
1245 1423 1426 1504 peccantem

300 1528 476 1605 confestim,
499 1544 572 1592 curn
600 1525 702 1593 adhuc
728 1526 778 1591 est
797 1526 890 1607 culpe
918 1525 1077 1603 recentior,
1101 1525 1311 1609 poenitentiae
1329 1524 1424 1591 ferra·
1434 1552 1458 1592 ιο
1562 1536 1563 1539 ’

299 1633 414 1700 mentis
437 1632 504 1699 eius
526 1631 614 1697 ulem
635 1628 805 1708 abscidere,
822 1647 860 1694 ne
876 1628 1029 1713 serpentis
1044 1630 1145 1695 morbi
1160 1628 1323 1713 primitiae
1337 1628 1426 1693 uelut

298 1738 418 1803 radices
440 1735 539 1802 amari
560 1732 710 1817 germinis
732 1731 828 1799 altius
850 1732 1043 1817 neglegentis
1065 1733 1218 1818 agricolae
1244 1732 1424 1798 remissione

298 1842 486 1917 submersae,
523 1838 610 1904 nullo
646 1838 773 1904 ualeant
807 1836 901 1902 euelli
934 1836 1059 1920 penitus
1093 1839 1157 1902 iam
1189 1836 1305 1903 labore.
1342 1836 1425 1902 idem

299 1943 433 2027 denique
460 1942 622 2027 propheta,
651 1960 689 2006 ne
718 1958 774 2023 pro
804 1939 1001 2005 iuuenalibus
1036 1939 1160 2007 delictis
1187 1944 1225 2005 ut
1257 1940 1423 2023 neglegens

298 2046 456 2112 uideretur
489 2046 588 2111 serius
620 2046 807 2129 supplicare,
841 2044 962 2110 addidit
994 2043 1215 2128 ignorantiam,
1249 2060 1310 2127 quo
1344 2042 1456 2125 apudn

297 2150 384 2234 pium
407 2148 542 2216 iudicem
563 2148 686 2214 facilius
712 2146 773 2213 sibi
801 2146 932 2212 relaxari
954 2149 1119 2212 meruisset
1140 2164 1285 2211 errorem.

268 2270 288 2331 1
341 2269 445 2353 Igitur
467 2272 499 2335 et
522 2269 635 2335 Petrus
657 2269 816 2352 apostolus
833 2265 995 2333 Christum
1010 2285 1123 2352 negare
1139 2284 1200 2331 non
1215 2267 1348 2343 studuit,
1370 2265 1424 2331 sed

297 2374 331 2437 in
353 2370 518 2438 obliuionis
541 2390 648 2438 casum
670 2371 859 2455 simpliciter
874 2374 906 2436 et
920 2371 1098 2453 ignoranter
1113 2370 1254 2436 incurrit.
1279 2370 1423 2455 namqui

297 2494 366 2542 sese
398 2476 479 2540 mori
511 2476 592 2556 nelle
628 2493 698 2541 oum
734 2474 870 2540 Domino
906 2474 998 2555 plena
1034 2475 1195 2540 deuotione
1230 2473 1422 2559 promiserat,

298 2580 418 2646 alienus
451 2579 490 2643 ab
524 2578 590 2645 eius
623 2578 724 2645 uideri
756 2577 910 2643 consortio
942 2579 1000 2643 sub
1030 2575 1169 2659 quolibet
1197 2576 1335 2660 periculo
1363 2595 1455 2647 nono

219 2924 221 2928 ,
348 2868 547 2937 lignorantiae
559 2883 631 2923 meae
642 2867 724 2923 HBo
803 2866 897 2921 deuse
982 2865 1131 2921 2flaeiaP
1209 2867 1330 2921 amiserit
1341 2867 1423 2933 PHI,

297 2954 444 3009 ammiserit
460 2953 518 3010 ΒΒ
535 2953 563 3022 (d
579 2968 601 3009 a.
613 2953 631 3008 1.
643 2970 679 3009 m.
693 2956 714 3007 2
729 2952 807 3019 odd.)
906 2952 1079 3007 3senectuta
1096 2953 1125 3007 P
1217 2953 1374 3007 uobisdddd
1385 2954 1424 3007 ita

296 3040 331 3095 H
412 3039 486 3094 absit
502 3040 531 3095 in
548 3040 626 3095 nobis
644 3042 727 3095 ntita
738 3041 846 3094 maneat
862 3054 887 3103 o,
913 3039 1030 3095 omia
1040 3040 1152 3095 rca.1t.
1165 3039 1196 3093 in
1213 3039 1241 3093 Β
1331 3042 1423 3095 duon-

295 3129 436 3182 sencsoaut
452 3126 501 3183 Bo
587 3127 796 3183 omitissimam
814 3126 894 3181 RHo
978 3125 1063 3181 iudici
1080 3124 1114 3192 P,
1142 3125 1236 3180 iuditii
1253 3126 1297 3192 H,
1327 3127 1423 3182 indicis

294 3214 336 3280 Β,
370 3214 438 3281 fort.
464 3211 571 3267 indiciis
707 3212 880 3282 suspenderet
904 3211 982 3267 PBo
1119 3212 1196 3266 nulla
1222 3213 1316 3280 HBo,
1351 3215 1422 3269 nolle

294 3298 410 3366 raeco,
445 3297 522 3353 nulia
547 3313 580 3353 en
605 3298 670 3365 fort.
777 3299 795 3353 6
821 3298 878 3368 noe]
906 3314 959 3353 nou
985 3314 1002 3353 o
1104 3298 1218 3354 indutiis
1244 3298 1286 3368 Β,
1320 3300 1422 3355 indutis

296 3386 329 3454 P,
364 3385 476 3440 indutus
501 3385 563 3450 HI,
597 3385 701 3440 indicus
728 3391 777 3452 (aaa
803 3385 942 3452 iudiciisi)
969 3385 1018 3462 B,
1046 3384 1169 3441 indultae
1196 3388 1266 3441 cont.
1293 3388 1356 3443 Iar.

295 3473 363 3542 epea]
382 3486 432 3527 om.
451 3471 507 3527 ΡΒ
608 3472 771 3541 inpuditatis
794 3472 829 3539 P,
858 3472 1072 3551 inpunitatislec
1087 3471 1224 3541 inponatis
1246 3473 1274 3527 Β
1377 3474 1422 3529 ob·

295 3561 376 3612 tunsa
398 3560 423 3625 (a
438 3573 473 3614 cer
488 3559 503 3611 t
519 3574 554 3613 m.
570 3559 602 3627 2)
628 3558 669 3621 Β,
704 3559 822 3628 optanda
848 3558 877 3613 P
914 3607 917 3619 ,
948 3558 953 3571 ’
979 3558 994 3611 7
1021 3556 1135 3627 diutius]
1163 3556 1246 3613 dicite
1271 3575 1307 3615 cc
1333 3560 1422 3616 dicitis

295 3644 333 3710 H,
360 3643 441 3700 diuo
536 3643 672 3714 fugitiuus
689 3644 723 3710 P,
748 3643 919 3713 {agitiuiero
936 3642 972 3698 H
994 3710 999 3721 .
1065 3642 1166 3712 8ipeis
1184 3644 1213 3699 P
1312 3646 1346 3701 10
1362 3662 1422 3701 con·

295 3730 388 3784 foetim
410 3730 439 3785 Β
541 3728 780 3784 cum—abscidere
803 3728 927 3785 enodis
1030 3729 1080 3799 est]
1103 3732 1145 3783 ter
1167 3729 1196 3784 P
1298 3732 1330 3787 11
1353 3748 1422 3788 more

294 3834 323 3889 P
441 3832 523 3888 uelud
545 3832 579 3888 Η
678 3834 838 3903 necligentis
860 3832 893 3898 P,
922 3832 1088 3903 negligentis
1110 3833 1153 3887 Η1
1256 3835 1290 3889 12
1313 3836 1422 3891 noricole

295 3938 324 3993 P
417 3938 559 3993 remisione
575 3938 611 3992 H
710 3938 744 3992 13
759 3937 839 3991 *nelli
856 3939 882 4005 (e
900 3941 980 4003 erae)
998 3937 1033 3992 Η
1134 3939 1168 3993 14
1186 3953 1234 3993 nec
1254 3938 1282 3993 P
1376 3930 1421 4010 pro

294 4075 345 4115 om.
362 4058 391 4113 P
492 4057 680 4128 negligensP,
710 4023 819 4127 regebus
838 4060 869 4110 Η
971 4060 1005 4115 15
1022 4060 1171 4129 supplicare
1188 4059 1261 4125 libri,
1292 4059 1422 4130 applicare

295 4162 394 4218 laedae
497 4164 566 4233 quod
593 4163 649 4220 ΡΒ
751 4164 785 4217 ad
812 4163 973 4233 principium
999 4163 1028 4217 P
1135 4165 1170 4218 16
1194 4164 1311 4218 relaxare
1338 4165 1360 4219 I

295 4257 328 4311 11
350 4273 387 4311 nu
409 4271 486 4312 noun
509 4271 703 4312 Poltmltlt'ffl
725 4272 811 4312 runnu
833 4256 874 4324 R,
903 4274 954 4313 oor.
976 4258 1029 4313 Hc
1139 4258 1172 4313 18
1194 4259 1305 4328 namqui
1327 4258 1420 4326 HBo,

295 4351 382 4404 namsi
400 4351 428 4405 P
527 4351 560 4405 19
578 4350 686 4405 deuotio
705 4351 733 4406 P
834 4350 870 4405 20
888 4349 946 4419 sub]
966 4352 990 4405 si
1006 4352 1035 4405 Β
1111 4406 1115 4421 ‚
