3142 5034
288 422 356 489 300
570 500 574 507 .
790 416 926 473 sidunt

198 668 201 674 ,
289 611 448 678 facilitate
470 609 621 689 concedit,
649 610 748 675 sciens
771 562 864 691 huius¹
887 608 1078 693 probationis
1100 610 1275 693 exemplum
1297 626 1359 673 non
1380 606 1428 674 ad

290 716 430 783 Thomas
452 705 585 795 tantum,
609 713 663 797 qni
686 713 790 780 fuerat
811 714 875 779 iam
893 712 1013 789 beatus,
1037 712 1091 779 sed
1112 713 1152 778 ad
1169 712 1262 777 fidem
1277 711 1427 795 deinceps

289 818 447 901 pertinere
471 818 655 883 multorum.

235 942 280 1005 34
334 939 411 1004 Post
432 956 547 1021 paucos
568 937 683 1002 iterum
709 938 861 1003 Dominus
885 938 951 1002 dios
975 936 1068 1003 Petro
1090 935 1226 1020 piscanti
1241 954 1313 1000 cum
1328 933 1424 1000 sociis

291 1042 332 1107 ad
355 1042 512 1107 marinum
535 1060 602 1106 sese
624 1041 700 1106 litus
723 1040 866 1117 ostendit,
894 1042 1039 1122 totaeque
1063 1040 1163 1104 noctis
1187 1039 1291 1103 labore
1313 1036 1424 1120 perui·
1448 1046 1460 1085 ⁵

289 1144 353 1228 gili
376 1144 496 1209 nullam
526 1157 657 1210 cernens
685 1143 781 1209 fessos
808 1141 955 1209 habuisse
978 1147 1151 1224 capturam,
1176 1143 1319 1207 dextrum
1340 1141 1425 1205 retia

288 1247 410 1314 dimitti
443 1247 529 1315 iubet
562 1248 596 1311 in
624 1246 764 1331 pelagus,
800 1245 1027 1328 confestimque
1060 1246 1163 1311 clauso
1191 1245 1325 1328 gurgitis
1353 1243 1422 1308 salo

216 1364 219 1368 ·
288 1351 427 1433 piscosae
449 1349 696 1434 congregationis
724 1350 865 1417 inmensa
895 1352 1054 1431 crepantes
1083 1349 1170 1414 sinus
1193 1352 1323 1414 eduxere
1346 1365 1423 1411 cum

289 1454 416 1535 praeda,
440 1470 533 1536 quam
555 1456 628 1517 ante
651 1453 776 1518 Domini
803 1454 974 1536 gaudentes
996 1452 1150 1535 proiecere
1172 1452 1315 1535 uestigia.
1354 1451 1422 1515 tale

289 1573 388 1635 genus
411 1575 482 1639 ergo
505 1555 649 1621 miraculi
671 1574 733 1621 non
751 1557 875 1639 uulgari
890 1556 972 1623 facto
995 1554 1115 1640 sentiri,
1138 1557 1192 1621 sed
1207 1554 1314 1639 typica
1327 1552 1459 1623 debetro

290 1657 508 1742 intellegentia
544 1658 720 1741 ponderari.
758 1660 840 1725 retia
871 1658 1025 1742 siquidem
1060 1659 1221 1724 credamus
1255 1661 1422 1739 praccepta

289 1760 349 1826 Dei
381 1760 485 1826 lucida
509 1761 604 1826 nimis
626 1763 718 1845 atque
740 1762 912 1844 perspicua,
936 1760 1049 1844 quibus
1072 1778 1179 1827 omnes
1203 1761 1331 1825 dexteru
1353 1776 1421 1822 ssc-

287 1866 392 1929 tantes
415 1882 435 1929 a
456 1864 573 1930 saeculi
597 1862 745 1930 fluctibus
771 1866 898 1931 eruendi
920 1866 1108 1930 clauduntur
1130 1863 1248 1929 Christi
1271 1860 1420 1944 uestigiis

232 1970 276 2033 35
288 1966 443 2033 inclinati.
481 1984 555 2033 nam
588 1971 620 2033 ot
653 1968 747 2051 piscis
779 1987 874 2051 snpra
903 1986 1019 2053 prunas
1053 1968 1225 2053 adpositus,
1249 1966 1420 2046 eodemque

290 2069 379 2152 panis
411 2071 445 2134 in
477 2071 546 2135 loco
579 2070 675 2137 simul
709 2071 748 2137 ab
783 2074 860 2155 ipsis
896 2073 1045 2139 inuentus
1079 2071 1234 2137 catholica
1266 2068 1456 2151 religionen

294 2170 432 2237 cernitur
459 2190 521 2238 non
548 2192 659 2239 curere.
697 2192 772 2241 nam
801 2176 894 2259 piscis
923 2195 1002 2259 aqua
1035 2177 1158 2241 uidetur
1181 2174 1333 2256 intellegi,
1357 2188 1421 2253 qua

287 2292 343 2340 nos
376 2276 463 2342 ablui
494 2281 615 2343 certum
646 2282 694 2343 est
722 2296 759 2345 ac
788 2279 920 2359 renasci,
950 2281 1037 2361 panis
1067 2277 1230 2343 christum
1259 2274 1418 2359 significat

287 2379 488 2457 saluatorem,
519 2381 604 2449 ouius
633 2383 740 2448 eodem
762 2401 886 2466 corpore
914 2384 1069 2449 uescimur
1090 2382 1129 2447 ad
1151 2382 1296 2447 salntem.
1333 2379 1418 2463 ignis

285 2480 422 2566 Spiritus
455 2483 556 2549 sancti
589 2484 671 2568 gerit
698 2484 879 2571 imaginem,
909 2504 980 2569 quo,
996 2486 1102 2551 deuoti
1130 2496 1343 2553 consecramur
1377 2482 1417 2548 ad

284 2585 389 2653 iidem.
426 2588 459 2652 in
489 2588 596 2653 eadem
624 2606 759 2671 namque
788 2590 888 2671 specie
924 2589 1153 2654 demonstratus
1186 2586 1315 2667 effulsit,
1344 2604 1453 2654 cums

286 2690 394 2755 beatos
416 2690 582 2771 apostolos,
609 2692 689 2757 sicut
711 2690 794 2757 liber
820 2710 926 2756 eorum
948 2692 1087 2757 Aotuum
1108 2692 1308 2775 protestatur,
1332 2688 1417 2754 clara

338 2998 352 3051 l
376 2995 455 3051 facile
479 2996 535 3052 Ool.
637 2961 767 3051 aionas
792 2998 836 3063 H,
867 2998 976 3066 athone,
996 2998 1024 3052 Β
1126 3000 1209 3053 fuerit
1226 3000 1253 3053 Β
1357 3000 1416 3052 tam

283 3082 379 3137 heatus
404 3099 421 3137 o
521 3083 540 3136 4
564 3097 615 3139 unt
638 3086 690 3167 nrr'r
716 3098 807 3139 rnuao
833 3098 909 3139 nm
935 3099 1023 3139 annm
1047 3101 1084 3139 an
1108 3101 1263 3141 uuxrnnam
1289 3085 1351 3141 RH
1376 3085 1393 3151 ('

281 3168 382 3235 dext),-
420 3168 546 3224 Christus
571 3169 689 3238 piscanti
715 3169 795 3224 Petro
822 3170 852 3224 in
878 3170 997 3225 dextram
1023 3171 1108 3227 iacere
1133 3173 1202 3226 retia
1226 3171 1304 3226 iubet
1328 3189 1345 3227 o

283 3292 351 3344 item
373 3290 422 3344 Bo
523 3290 643 3358 piscante
665 3290 701 3345 H
800 3306 850 3347 oon
875 3291 903 3345 Β
1005 3292 1176 3347 hmsritinu
1198 3292 1226 3347 Β
1328 3264 1416 3361 τοτῖφ

284 3378 311 3441 (ο
329 3393 350 3429 o
365 3374 507 3443 m.a)1o,
536 3378 621 3444 totoq3
644 3376 679 3430 H
775 3376 1099 3453 peruigih]psrpili1o,
1128 3378 1202 3443 forte
1224 3376 1351 3448 peruigili
1369 3379 1415 3432 uel

281 3461 387 3530 perpeti
404 3460 474 3526 ior,
504 3476 612 3529 perporo
630 3460 701 3517 coci.
721 3461 795 3517 Gaii.
890 3463 1050 3531 doapturas
1068 3480 1104 3518 cor
1122 3472 1167 3517 ·ru
1185 3464 1213 3517 Β
1307 3464 1415 3533 lpem·

283 3582 360 3651 lagos
384 3584 451 3650 (raa
469 3586 494 3640 1.
512 3582 541 3650 l.)
567 3582 596 3636 Β
698 3582 716 3638 8
741 3582 859 3637 inmersa
883 3598 899 3637 o
1001 3548 1140 3653 crepitantes
1166 3584 1201 3652 (it
1223 3601 1242 3638 a
1258 3600 1291 3639 m.
1310 3586 1339 3651 2)
1367 3584 1414 3650 H,

280 3702 479 3771 crepitanteso
568 3668 708 3771 aprione
725 3703 761 3758 H
849 3706 883 3760 10
899 3706 982 3775 tipica
1000 3705 1034 3771 P,
1064 3708 1162 3775 typyoa
1179 3707 1215 3761 H
1305 3706 1336 3760 11
1356 3722 1415 3761 cre·

282 3788 386 3857 damus}
410 3804 426 3841 a
449 3803 483 3842 ex
503 3787 514 3841 i
535 3786 564 3843 R
666 3788 870 3846 lamissione
973 3791 1066 3845 dextra
1084 3791 1164 3847 HBo
1267 3792 1412 3861 secantes]

279 3874 348 3941 fort.
368 3877 471 3928 stantes
575 3874 607 3929 13
631 3874 656 3943 a]
675 3891 724 3930 om.
747 3876 793 3941 H,
824 3877 884 3931 eto
986 3876 1111 3932 fluctibus
1123 3877 1244 3931 illllllillllll
1257 3879 1362 3931 ruentis
1381 3878 1418 3932 H

282 3961 350 4027 (ros.
363 3962 435 4014 7-8
446 3959 512 4028 litt.)
613 3960 715 4015 Christi
732 3961 840 4026 addidi,
854 3967 918 4031 post
935 3963 1094 4017 clauduntur
1111 3978 1167 4017 roe.
1180 3966 1199 4017 3
1210 3964 1263 4017 litt.
1275 3964 1308 4017 ta
1325 3964 1361 4018 H
1375 3963 1413 4029 cf.

280 4061 307 4103 o.
325 4050 380 4101 399
483 4045 516 4099 14
541 4046 667 4100 inclinati
693 4047 736 4101 ΗῘ
762 4063 831 4103 corr.
854 4048 886 4103 ia
912 4049 1043 4103 inclinata
1146 4064 1196 4106 unr
1221 4064 1347 4104 uxrem
1375 4066 1413 4105 rur

280 4145 360 4187 mn
378 4146 456 4186 arsos
473 4146 510 4186 sn
527 4146 634 4188 rnvurs
650 4132 691 4196 Β,
721 4149 772 4188 om.
792 4135 827 4189 H
922 4135 954 4190 15
972 4134 1123 4190 chatholica
1140 4135 1175 4190 H
1268 4137 1413 4207 religione]

281 4235 388 4288 ratione
409 4236 517 4289 mauult
538 4235 627 4305 Μέρη.
733 4237 766 4290 19
794 4222 875 4322 quam
899 4238 934 4292 H
1032 4237 1065 4292 21
1092 4238 1186 4293 beatus
1213 4238 1248 4293 H
1347 4254 1414 4307 apo·

279 4336 366 4390 stoloa
383 4338 420 4402 (o,
440 4352 474 4391 ac
490 4338 521 4403 u)
539 4337 580 4404 R,
610 4338 756 4406 apostonlos
773 4339 802 4392 Β
