3142 5034
574 439 728 509 Remigii
750 440 932 509 expositio.
1257 444 1321 510 319

184 633 344 694 Idoneus
367 633 394 693 ·i.
417 631 566 708 formatos,
594 632 657 694 ido's
679 648 791 709 graece,
815 632 907 693 forma
929 632 1032 694 latine.
1068 634 1320 711 Hieronymus

182 721 222 796 ad
249 735 360 797 nobiles
388 737 419 807 et
446 736 612 811 praeclaras
639 735 766 797 feminas
794 734 822 795 i·
855 734 1065 797 ecclesiasticas
1098 736 1318 798 transmittebat

184 837 382 914 eusampio,
411 840 511 913 quales
539 838 658 899 fuerunt
685 836 869 899 monatius
899 840 929 899 et
957 838 1138 914 Heliodorus,
1169 839 1261 899 Paula
1288 843 1318 901 et

184 941 383 1003 Eustochium.
426 940 679 1022 Domicilinm,
708 940 884 1001 domicilium
913 941 1020 1001 dicitur
1043 941 1179 1002 solarium
1202 942 1346 1018 proprisa-
1361 956 1410 1003 aa

159 1062 219 1107 seo
242 1044 318 1121 qnod
338 1044 369 1105 in
391 1048 540 1120 superiore
569 1047 651 1120 parte
674 1044 774 1105 domne
796 1044 836 1104 sit
857 1043 938 1106 uelut
960 1044 1058 1105 cilium
1079 1044 1112 1105 in
1135 1046 1317 1108 eminentiori

184 1151 268 1225 parte
296 1148 430 1224 eorporis.
473 1149 935 1225 Syucletices‚praencmsn.
981 1148 1320 1226 Ministrae‚diaoo·

184 1252 290 1312 nissae.
325 1252 475 1328 Syneletcs
489 1269 594 1329 praem
609 1252 710 1313 consul
725 1252 774 1312 uel
789 1254 916 1325 senator,
933 1252 1000 1313 inde
1016 1251 1164 1328 syncletia
1178 1252 1317 1315 senatrix.

183 1353 340 1416 Allecto
361 1356 388 1415 ·i·
411 1357 563 1420 sssocirde.
608 1356 723 1417 Alludit
745 1356 783 1416 ad
805 1374 917 1433 nomen,
941 1372 1004 1417 cum
1028 1356 1100 1417 dicit
1122 1359 1234 1429 senatu,
1250 1358 1319 1432 quia

184 1474 255 1517 sena
283 1459 443 1521 notabatur
470 1460 683 1534 inpraesenti,
716 1460 748 1519 in
778 1458 880 1520 futuro
909 1458 1041 1533 angelice
1072 1461 1178 1521 senatu
1206 1458 1318 1535 perfrui

149 1564 339 1623 remaneatur.
384 1562 533 1624 Castum
556 1565 584 1624 ·i·
605 1564 787 1637 restrictum
813 1566 923 1623 castum
940 1562 1062 1623 dicimus
1078 1562 1221 1637 strictum,
1238 1580 1319 1624 econ·

183 1666 233 1723 tra
262 1663 404 1725 incestum
434 1666 616 1727 dissolutum.
660 1665 855 1727 Reiertnm
876 1666 901 1726 ·i·
924 1666 1077 1740 repletum.
1121 1667 1257 1728 Posset
1283 1670 1320 1726 et

184 1769 314 1827 docere
337 1769 462 1845 etiam,
486 1772 515 1829 et
537 1771 684 1844 apestolus
706 1770 841 1844 prohibet
863 1768 999 1830 mulieres
1022 1770 1122 1831 docere
1146 1770 1176 1829 in
1192 1769 1317 1831 eeclesia
1392 1811 1393 1819 ι

184 1870 298 1929 dicens:
333 1870 470 1931 Mulieres
504 1872 535 1931 in
569 1872 691 1933 ecclesia
722 1874 850 1937 taceant.
900 1872 1054 1934 Nomine
1088 1872 1416 1947 meritoque:n·1o‚a

184 1972 291 2033 alludit
312 1971 347 2033 de
370 1974 498 2037 nemine.
527 1976 673 2049 Perpetua
694 1976 771 2035 enim
790 1977 851 2035 erat
867 1954 982 2036 nomine
997 1978 1026 2035 et
1047 1976 1188 2050 perpetua
1203 1976 1316 2037 merito.

147 2077 375 2154 rsTeneram,
415 2077 608 2140 iuuenculam.
670 2079 820 2154 Nuptae
857 2079 885 2139 ·i·
922 2082 1084 2154 sponsatae,
1122 2079 1191 2154 quia
1227 2082 1318 2154 nupta

183 2180 289 2242 mulier
310 2182 426 2241 ornatos
450 2181 536 2241 debet
557 2183 664 2242 babere
687 2179 816 2245 babitus.
839 2182 904 2244 Huc
926 2200 1017 2258 usque
1031 2200 1065 2243 ex
1080 2200 1204 2258 persona
1219 2183 1340 2247 Mace-n·
1355 2198 1414 2247 aua

183 2283 265 2344 denii
286 2282 424 2358 loquitur,
448 2284 516 2344 hino
539 2301 573 2344 en
595 2302 647 2344 sna
662 2302 797 2359 persone.
829 2286 1030 2346 Deterreas
1047 2286 1074 2346 ·i·
1088 2284 1189 2346 timere
1204 2285 1316 2359 facies3

183 2386 331 2447 deterrere
359 2386 435 2447 enim
464 2390 509 2445 est
537 2387 662 2461 aliquem
689 2387 823 2449 minando
858 2390 1010 2463 expellere.
1053 2388 1238 2463 implesti
1266 2405 1318 2463 per

184 2506 339 2565 syncopam
367 2506 419 2563 pro
447 2490 617 2564 impleuisti.
661 2489 791 2552 Omnia
821 2491 990 2551 omnibus
1017 2491 1139 2552 iactus
1162 2508 1216 2571 es,
1240 2491 1317 2552 sicut

148 2592 346 2667 aoepostolns:
361 2592 468 2652 Factus
484 2592 671 2654 sumludaeis
686 2594 978 2668 tamquamdndaeus,
996 2594 1154 2669 gentilibus
1170 2597 1316 2668 tamquam

183 2696 314 2771 gentilis.
352 2695 454 2757 Omnia
481 2696 612 2757 omnibus
641 2698 736 2757 factus
765 2715 829 2757 sum
858 2701 892 2757 ut
919 2714 1019 2759 omncs
1054 2699 1151 2758 saluos
1180 2696 1315 2759 facerem.

182 2800 249 2859 Non
277 2800 390 2860 dicebat
417 2801 480 2870 boc,
509 2802 543 2860 ut
571 2817 620 2861 eos
648 2799 798 2872 incitaret,
829 2801 881 2861 sed
908 2800 976 2875 quia
1005 2802 1129 2874 nolebat,
1160 2806 1192 2860 nt
1215 2818 1316 2861 omnes

183 2902 258 2962 salui
280 2901 390 2963 flerent.
427 2904 582 2962 Iactura
603 2904 630 2962 ·i·
653 2902 801 2977 damnum3
825 2904 938 2963 iactura
960 2904 1074 2978 proprie
1097 2895 1211 2976 dicitur,
1227 2918 1416 2977 enumeras

184 3004 295 3065 iaciunt
317 3007 423 3064 nautae
445 3006 477 3063 in
499 3005 583 3066 mari
607 3004 794 3080 Tempestate
815 3005 892 3066 enim
908 3010 971 3065 orte
986 3000 1113 3087 <onere>
1132 3006 1314 3081 proiciuntur

146 3110 214 3173 asin
236 3124 323 3185 mare,
346 3110 379 3167 nt
401 3108 545 3182 leuigetur
567 3110 662 3169 nanis.
694 3110 745 3169 Ne
767 3111 898 3185 pigeat
921 3111 948 3169 ·i·
970 3125 1006 3168 ne
1028 3108 1142 3185 pigrum
1165 3112 1195 3169 te
1214 3110 1313 3170 iaciat.

184 3212 389 3273 Anchoram
420 3213 449 3271 ·i·
481 3212 657 3274 firmitatem.
702 3214 902 3288 Metaphoram
937 3215 1044 3286 seruat,
1079 3213 1148 3288 quia
1182 3212 1314 3287 superius

183 3314 257 3373 dixit
275 3314 401 3389 gurgitis
415 3315 644 3391 profunditatem
658 3316 805 3391 paschalis
821 3315 965 3396 carminis,
982 3314 1064 3374 medo
1081 3315 1150 3375 dicit
1169 3312 1312 3376 ‘anchora'

182 3433 233 3491 pro
256 3417 436 3494 fortitudine.
468 3415 592 3481 (ΚΥΡΑ
607 3436 710 3493 graece
726 3435 840 3494 manus,
864 3420 930 3479 inde
947 3419 1073 3479 anchora
1087 3436 1190 3479 manus
1206 3419 1313 3493 ferrea,

182 3536 256 3594 qnae
290 3521 423 3581 mordens
455 3523 564 3581 terram
591 3522 663 3581 iacit
696 3524 775 3582 stare
810 3523 910 3582 nanim
942 3524 1120 3583 inmobilem.
1166 3524 1315 3582 Pascha

147 3625 358 3686 mnostrum.
382 3624 497 3684 Pascha
511 3625 683 3684 Iudaeorum
699 3628 772 3705 erat,
795 3626 870 3699 quod
884 3624 920 3684 ad
936 3642 1085 3700 uesperam
1102 3626 1312 3686 immolabatur.

182 3725 295 3785 Pascha
317 3728 447 3786 uestrum
470 3728 515 3785 est
531 3726 673 3799 Christus,
697 3726 747 3801 qui
763 3726 967 3787 immolabatur
981 3744 1033 3802 pro
1050 3728 1176 3802 peccatis
1193 3728 1310 3798 nostrie,

285 3942 427 3998 131001.
447 3944 488 4007 14,
507 3942 541 3996 34
643 3942 678 3996 20
695 3943 730 3996 cl.
747 3942 762 3997 I
779 3944 837 3998 Cor.
856 3943 880 4009 9,
899 3944 941 3997 20.
960 3942 994 3995 22

233 4147 367 4217 11acine]
388 4146 413 4201 ι.
432 4147 488 4201 ΑΒ
590 4147 757 4216 saepsere
775 4148 831 4203 aa
934 4148 1066 4202 erroneus
1084 4148 1140 4201 aa
1206 4120 1309 4205 ,edu

181 4266 209 4319 Β
303 4233 532 4355 θείιιιὶοιὶιξιΒ
621 4256 867 4337 pnom(icm.2)
886 4270 926 4333 A,
955 4254 1037 4337 prom
1056 4269 1083 4322 B
1179 4269 1213 4322 24
1231 4284 1311 4323 onera

180 4368 281 4425 addidi
382 4372 417 4425 25
434 4372 535 4427 leudeur
553 4372 592 4425 A¹
695 4371 730 4425 26
747 4370 934 4425 infirmitatem
953 4372 1020 4425 A¹B
