3142 5034
522 430 676 486 Paschal.
694 429 816 500 Operis
839 429 909 487 Lib.
926 430 958 486 V.
1241 432 1307 501 293

178 625 213 685 te
241 621 341 686 solam
374 620 505 686 liuidam
531 638 594 687 non
621 620 747 686 creauit.
791 620 947 703 scriptura
976 621 1090 703 quippe
1116 619 1304 687 uenerabilis

178 723 272 789 dicit:
301 724 403 788 Deus
432 725 597 789 mortem
625 740 698 788 non
726 723 835 789 fecit.
877 723 1005 805 originis
1038 722 1137 807 igitur
1168 726 1242 789 tuas
1276 724 1305 789 si

178 826 342 891 materiem
371 826 459 910 cupis
486 844 659 910 agnoscere,
690 827 834 908 serpente
862 828 951 910 patra
972 826 1138 909 conciperis
1159 828 1191 893 at
1213 826 1306 910 culpa

178 932 336 1013 genetrice
358 913 538 1011 procrearis,
561 932 614 996 sed
631 929 827 1013 indulgentia
842 947 924 994 nunc
937 932 1087 1012 regnante
1101 931 1304 997 consumeris.

153 1054 170 1095 ⁸
223 1051 348 1115 Interea
363 1052 489 1117 Domini
509 1050 638 1133 spiritus
661 1052 726 1117 iam
748 1051 786 1115 de
801 1069 925 1135 corpore
946 1050 1098 1135 migraret
1115 1050 1154 1117 ad
1169 1052 1355 1134 tempusa

179 1152 353 1238 frigidaque
376 1154 476 1220 crucis
499 1156 533 1219 iu
554 1155 662 1220 robore
683 1153 801 1220 Christi
823 1154 964 1220 membra
985 1154 1170 1236 pendebant,
1194 1154 1225 1219 et
1247 1152 1303 1218 ad-
1373 1170 1377 1179 ·

179 1256 242 1320 hnc
269 1256 355 1320 furor
383 1274 471 1322 arma
497 1274 558 1321 nou
588 1257 731 1323 deserens
758 1256 903 1323 inimicae
931 1257 1039 1322 manui
1066 1257 1207 1323 lanceam
1229 1257 1303 1322 sub-

179 1358 340 1425 ministrat
368 1359 492 1442 ictuque
519 1360 637 1425 nefario
665 1360 748 1427 latus
777 1362 902 1425 Domini
930 1360 1022 1444 plaga
1044 1358 1178 1427 uiolauit
1198 1358 1303 1437 infixa,

179 1462 281 1527 altum
303 1462 417 1526 uulnus
447 1462 587 1545 aperiens
610 1482 646 1528 ac
667 1463 837 1545 defossum,
864 1482 917 1546 per
939 1463 1019 1545 quod
1042 1462 1166 1545 sanguis
1188 1460 1305 1544 pariter

141 1568 211 1629 scot
239 1582 319 1646 aqua
346 1565 512 1629 fluxerunt.
552 1585 570 1631 o
598 1584 692 1648 quam
720 1566 873 1631 catholico
903 1566 1043 1648 dogmati
1069 1565 1206 1631 sociatur
1228 1565 1305 1629 haec

179 1671 287 1732 causa!
311 1685 327 1731 o
351 1672 504 1749 quantum
522 1669 689 1735 Trinitatis
712 1668 783 1733 fidei
800 1670 985 1733 conueniunt
1001 1668 1076 1751 haec
1092 1669 1302 1734 sacramenta!

154 1786 292 1852 ¹corpus
314 1789 450 1853 namque
478 1772 607 1855 sanguis
631 1772 663 1835 et
684 1789 765 1853 aqua
797 1772 859 1837 tria
885 1772 970 1836 uitae
991 1774 1113 1837 nostrae
1135 1772 1211 1836 sunt
1232 1788 1304 1835 mu·

179 1886 263 1937 nera.
297 1889 404 1939 omnes
427 1875 520 1953 euim,
544 1874 597 1957 qui
612 1872 735 1940 Christo
752 1874 824 1938 duci
848 1890 904 1939 nos
927 1874 1089 1951 tradimur,
1105 1874 1137 1938 in
1152 1890 1303 1957 aquarum

178 1975 264 2039 sonte
292 1977 485 2041 renascimur
512 1976 638 2059 eiusque
661 1994 770 2059 corpus
793 1978 825 2042 et
853 1976 1037 2060 sanguinem
1059 1979 1216 2042 sumentes
1241 1976 1304 2042 edi·

140 2096 249 2147 rrmus
272 2095 308 2142 ac
331 2085 486 2163 potamus,
510 2082 546 2144 ut
569 2080 719 2162 templum
748 2081 851 2145 sancti
873 2078 1008 2162 Spiritus
1031 2097 1097 2145 csse
1118 2098 1303 2145 mereamur.

178 2199 251 2246 nam
274 2183 306 2245 ot
327 2181 446 2247 Paulus
472 2184 632 2266 apostolus
661 2183 707 2249 ita
736 2182 877 2265 loquitur
899 2183 1021 2250 diceus:
1049 2182 1302 2260 canescitis,

178 2287 268 2366 quia
288 2285 474 2367 templum
504 2286 574 2351 Dei
603 2287 699 2351 estis
730 2290 766 2350 et
789 2285 965 2369 Spiritus
988 2286 1060 2353 Dei
1081 2285 1241 2351 habitat
1262 2284 1304 2351 in

177 2388 313 2452 uobis?
334 2390 415 2468 quod
443 2392 479 2452 ut
508 2388 660 2453 Dominus
684 2389 789 2454 iubeat
816 2389 970 2474 templum
998 2405 1053 2454 nos
1075 2388 1303 2456 inmaculatum

177 2508 283 2572 gerere
305 2490 525 2572 supplicemus,
552 2498 703 2574 quatenus
726 2495 875 2577 angustos
900 2495 930 2557 et
952 2492 1061 2557 munes
1083 2492 1191 2558 tantus
1212 2510 1302 2557 man-

139 2612 228 2664 aosor
250 2593 310 2658 sibi
332 2593 429 2658 faciat
451 2595 576 2659 idoneos
599 2596 632 2659 et
654 2613 790 2677 capaces.

279 2830 296 2883 2
313 2830 375 2899 Sap.
394 2831 418 2897 1,
438 2830 470 2884 13
575 2829 607 2883 16
625 2828 640 2883 1
657 2828 715 2887 cor.
732 2830 758 2895 3,
778 2830 811 2883 16

229 3052 376 3107 llibidam
394 3050 440 3106 131
536 3052 701 3106 2Dominus
718 3052 800 3107 HBc
897 3050 970 3121 fecit]
989 3051 1020 3119 (f,
1038 3066 1053 3104 o
1068 3052 1100 3105 in
1118 3054 1183 3116 rae.)
1203 3049 1239 3106 H

175 3159 271 3228 igitur]
289 3142 308 3212 't
327 3172 348 3213 s.
365 3159 384 3212 l.
410 3158 438 3212 Β
538 3157 556 3211 3
581 3156 724 3211 materiam
752 3154 812 3210 ΗΒ
916 3154 1073 3225 conciperis]
1096 3154 1116 3222 i,
1141 3169 1175 3209 ec
1195 3168 1209 3209 e
1232 3168 1301 3208 corr.

174 3261 215 3325 B,
244 3261 392 3329 conceperis
414 3260 469 3316 Col.
488 3260 573 3314 Por.¹
658 3259 736 3327 culpa
758 3259 788 3313 B
889 3258 907 3312 4
929 3257 1061 3326 genitrice
1082 3257 1110 3311 Β
1212 3256 1302 3311 indul·

174 3366 293 3433 gentiam
313 3362 340 3417 B
439 3364 612 3417 consumeris
630 3363 669 3430 (m
686 3364 768 3427 eras.)
788 3360 816 3415 Β
916 3361 1001 3415 5su1
1017 3375 1106 3415 naurs
1123 3348 1173 3415 ffi
1190 3373 1303 3415 moun

173 3482 363 3523 emonam
380 3468 452 3535 RH,
482 3465 515 3520 de
532 3466 625 3521 anca
641 3466 670 3519 iu
683 3465 766 3519 latere
778 3463 881 3520 Christi
899 3479 916 3519 o
934 3463 1015 3531 (latus
1031 3463 1114 3531 Gall.)
1200 3465 1302 3532 migrat

175 3563 247 3628 ΒΗ,
276 3562 405 3631 migrauit
426 3561 469 3628 Β,
498 3562 629 3629 migrarat
650 3576 667 3615 o
689 3558 725 3625 cf.
743 3574 766 3613 o.
784 3562 841 3614 285
944 3558 959 3613 7
982 3558 1129 3613 manniam
1146 3556 1240 3612 munui
1263 3556 1299 3620 B,

174 3671 304 3711 manusc
405 3655 530 3710 Daltum
554 3670 605 3709 om.
628 3653 656 3708 Β
758 3654 897 3723 apparione
919 3652 947 3708 Β
1048 3653 1183 3722 delossum
1206 3651 1233 3704 Β

175 3740 286 3811 sanguis
303 3758 339 3796 eor
356 3743 411 3795 ·nis
428 3740 548 3795 13:12
642 3740 675 3794 10
693 3740 730 3809 et]
750 3756 801 3795 om.
818 3739 847 3795 R
939 3755 1022 3808 aquae
1040 3738 1090 3793 Bo
1184 3736 1302 3791 satiatur

174 3846 203 3900 Β
312 3847 345 3899 11
371 3846 518 3913 quaantum
544 3843 572 3896 B
674 3825 732 3897 fide'
758 3842 794 3895 H
901 3840 1076 3910 sacramenta]
1102 3842 1134 3896 ia
1160 3855 1248 3909 marg.
1273 3842 1303 3893 al

174 3934 275 3987 sectata
297 3931 337 3998 R,
367 3933 472 3983 sacrata
494 3929 575 3983 HBo
683 3928 717 3983 12
739 3928 823 3998 uitae]
846 3930 953 3981 nostrae
975 3944 1026 3982 om.
1049 3927 1077 3983 R
1180 3926 1214 3980 13
1236 3923 1302 3979 duce

173 4032 191 4071 o
289 4031 337 4069 nos
354 4014 495 4083 tradimus}
514 4016 634 4067 nostram
650 4013 695 4079 H,
722 4012 805 4083 nostrl
823 4013 865 4077 B,
891 4015 1017 4068 nostroe
1114 4010 1299 4079 in-edimusl

172 4103 205 4157 in
221 4118 271 4173 mp.
290 4100 354 4155 odd.
374 4100 400 4153 Β
504 4100 536 4154 14
558 4100 674 4168 eiusque]
697 4114 749 4167 que
767 4114 837 4153 eros.
859 4098 903 4164 H,
934 4114 983 4152 om.
1007 4112 1023 4151 o
1126 4096 1158 4151 15
1183 4112 1203 4149 s.
1222 4094 1301 4164 spiri·

172 4190 219 4241 tus
236 4187 367 4256 templum
390 4186 455 4252 He,
484 4185 613 4254 templum
631 4183 726 4253 om.(?)
745 4184 772 4237 B
878 4185 909 4238 16
931 4181 1075 4251 Apostolus
1093 4180 1193 4235 Paulus
1216 4197 1232 4236 o

175 4273 207 4328 l'l
226 4276 352 4342 quoniam
368 4272 418 4326 Bo
503 4272 615 4341 spiritus
633 4273 743 4324 sanctum
761 4268 841 4324 HBc
933 4268 966 4323 18
983 4267 1055 4323 iub&
1072 4266 1100 4321 B
1187 4265 1219 4321 19
1236 4281 1304 4336 qua·

171 4359 248 4414 tinus
266 4359 294 4413 B
396 4358 431 4412 20
448 4356 501 4410 sibi
520 4372 570 4411 om.
589 4356 616 4409 B
