3142 5034
501 426 651 481 Paeohal.
670 427 789 494 Operis
811 426 881 481 Lib.
899 427 932 483 V.

458 1126 648 1225 LIBER
687 1126 970 1227 QVINTVS.

196 1391 289 1489 Inter
310 1423 367 1488 luas
390 1421 528 1488 diuitum
550 1422 653 1506 eopias
675 1421 742 1487 eine
763 1421 825 1487 fine
838 1421 996 1487 uirtutum
1010 1422 1124 1505 paseha
1139 1424 1303 1508 coeperat}

152 1546 221 1595 esse
249 1528 314 1594 iam
340 1526 527 1610 proximum,
561 1544 622 1610 quo
653 1526 791 1611 gloriosa
812 1524 927 1591 Christi
949 1525 1090 1608 potentia
1111 1527 1278 1597 mortalem

151 1631 252 1698 uellet
285 1648 435 1714 exponere
467 1636 664 1712 resumptura
691 1648 817 1697 earnem
846 1630 996 1712 perpetuo
1026 1629 1091 1695 iam
1124 1630 1276 1709 uiuaoem,

150 1754 214 1801 uon
237 1734 378 1812 alteram,
401 1738 454 1801 sed
476 1736 617 1815 eandem,
642 1752 738 1816 quam
751 1734 1001 1799 remuneratione
1016 1734 1097 1800 luois
1111 1735 1277 1817 impletam
1329 1740 1330 1745 ’

129 1840 191 1905 sab
212 1837 321 1903 inferis
343 1838 480 1904 excitans
502 1838 641 1904 eleuauit
655 1837 695 1903 ed
710 1837 821 1904 sidera.
848 1835 1054 1920 turbatusque
1069 1838 1277 1922 pauxillulum

151 1942 262 2007 mortis
289 1942 394 2007 uicina
421 1946 458 2007 ut
485 1942 578 2008 homo
605 1940 788 2025 formidans,
819 1942 937 2007 talibus
960 1943 999 2006 ad
1021 1941 1151 2007 Patrem
1172 1942 1277 2007 uerbis

152 2043 266 2111 fiducia
293 2044 363 2128 piae
393 2045 555 2127 religionis
589 2046 742 2111 exclamat
767 2044 827 2109 Dei
855 2044 956 2109 filium
984 2064 1016 2109 se
1043 2046 1276 2112 demonstrans:

152 2147 279 2230 pater,
304 2148 498 2214 seluemo
519 2150 564 2213 de
587 2148 668 2213 ista
694 2147 803 2225 hora3
829 2148 895 2212 sed
916 2153 1079 2231 propter
1101 2149 1171 2215 hoo
1188 2151 1278 2215 usui

151 2250 193 2314 in
225 2251 346 2316 istam
379 2252 521 2319 horam.
565 2254 698 2336 pater,
731 2251 958 2317 honorifioa
982 2270 1126 2318 nomon
1159 2256 1277 2318 tuum.

116 2382 143 2421 ιο
151 2354 286 2419 nimium
308 2356 413 2422 diuino
434 2356 558 2421 loeutus
580 2359 679 2421 estet
700 2357 853 2438 potenter,
876 2357 929 2438 qui
952 2375 1027 2422 oum
1039 2357 1139 2422 semet
1153 2356 1277 2422 honori·

151 2456 241 2523 ficari
268 2460 453 2541 deposceret,
483 2460 584 2543 patris
617 2479 729 2526 nomen
750 2460 1018 2526 honorificandum
1040 2478 1107 2526 esse
1129 2460 1276 2543 signauit.

151 2560 237 2626 Deus
271 2564 354 2627 euim
388 2582 501 2628 nomen
535 2568 582 2628 est
612 2564 673 2639 illi,
706 2563 789 2646 quod
816 2566 906 2644 pater
934 2563 966 2627 et
1007 2563 1091 2629 filius
1119 2564 1277 2628 communi

150 2665 268 2746 pariter
296 2667 460 2732 maiestate
488 2668 646 2749 possident
673 2666 856 2732 indiuisum.
901 2668 1012 2732 uenit
1041 2667 1173 2734 autern
1205 2684 1278 2731 uox

151 2767 196 2832 de
228 2771 350 2834 eaelo:
382 2771 420 2835 et
444 2770 715 2837 honorifioaui
743 2771 782 2836 et
811 2770 958 2836 iterum
987 2770 1276 2836 honorificabo.

116 2873 226 2953 mquid
254 2873 392 2955 apertius
419 2874 597 2939 testimonio
625 2874 772 2956 paternae
797 2872 996 2955 professionis
1027 2873 1183 2957 impleto?
1201 2875 1277 2957 quid

152 2972 268 3040 elarius
297 2976 439 3040 caelestis
468 2977 515 3041 est
543 2976 724 3041 assertionis
752 2975 898 3040 oraoulo?
926 2976 1033 3041 temen
1055 2974 1172 3041 Iudaea
1201 2994 1277 3058 gens

150 3077 280 3161 perfida,
312 3097 390 3161 quae
420 3082 540 3163 pondus
569 3081 675 3145 tantae
703 3079 847 3143 ueritatis
876 3078 1049 3157 audiuerat,
1081 3096 1276 3162 nequaquam

253 3266 323 3321 eor.
340 3233 399 3323 10n2
419 3268 460 3333 12,
479 3268 520 3321 au.
539 3268 574 3321 as
676 3268 710 3321 ro
727 3257 762 3321 er.
781 3266 818 3321 ru.
837 3266 871 3320 ae

202 3441 218 3492 1
242 3454 281 3492 ure
309 3453 345 3491 reo
375 3453 449 3495 oron
478 3452 619 3492 aonrrnuur
647 3452 698 3491 asu
727 3450 821 3491 runnu
850 3452 941 3493 saura
970 3453 1011 3491 rua
1040 3453 1077 3491 un
1106 3451 1171 3491 roua
1199 3452 1279 3492 uorsa

150 3524 223 3589 ΒΗ,
258 3524 366 3579 Christo
390 3526 483 3577 orante
505 3522 653 3591 (Christum
677 3525 798 3576 orantem
824 3522 908 3586 Gall.)
936 3537 987 3576 uox
1009 3538 1023 3575 e
1048 3523 1121 3577 oaelo
1148 3523 1278 3576 clarificat

149 3628 167 3667 e
270 3611 359 3665 2iam
377 3626 427 3665 oen.
446 3611 474 3664 P
572 3608 642 3678 quod
660 3607 748 3663 RHB
850 3608 1009 3663 3uolllllllltl
1026 3624 1104 3663 onere
1123 3612 1187 3674 (res.
1207 3611 1278 3663 4-5

149 3698 213 3765 litt.)
230 3698 270 3763 H,
298 3713 325 3750 u.
342 3712 438 3766 ponere
454 3713 471 3751 o
569 3697 738 3763 resumptura
749 3694 857 3762 scripsi,
883 3695 1022 3763 sumptura
1033 3694 1097 3749 libra?
1108 3693 1144 3760 of.
1156 3710 1181 3749 o.
1193 3696 1210 3749 3

150 3786 270 3839 uiuaoem
283 3787 309 3846 (a
322 3800 357 3838 eor
368 3789 396 3849 u)
409 3784 437 3837 Β
505 3783 523 3837 4
534 3782 771 3837 remunerationem
785 3781 820 3848 P,
839 3782 1052 3836 remuneratione
1065 3797 1100 3836 eoo
1113 3780 1169 3833 -uis
1180 3780 1209 3833 Β
1241 3852 1253 3861 -

1208 3866 1253 3906 lte

149 3922 300 3977 5infomis
323 3922 376 3976 Ho
477 3921 580 3974 leuauit
601 3919 708 3983 PHBo
811 3919 983 3988 pausillulum
1007 3920 1034 3975 P
1143 3917 1277 3971 imortis

150 4008 190 4064 B¹
312 4007 402 4062 uioina
427 4006 510 4073 PRI,
544 4006 631 4060 uioin*
658 4008 684 4072 (a
711 4006 792 4072 eruo.)
819 4005 863 4070 Η,
899 4004 988 4058 uicini.
1014 4004 1054 4068 B,
1090 4001 1190 4056 uicinia
1217 4002 1278 4056 lor.

150 4098 221 4151 coni.
323 4094 412 4163 lpia
438 4094 468 4144 H
569 4092 716 4147 8saluum
738 4106 782 4145 me
803 4090 845 4145 fao
871 4092 899 4145 Β
1003 4090 1036 4145 10
1062 4088 1154 4157 diuine
1180 4088 1208 4141 Β

152 4182 185 4235 11
208 4184 235 4234 et
252 4180 337 4249 patris
354 4196 371 4234 o
389 4180 456 4247 (eoo.
478 4177 545 4242 Ool.)
651 4178 683 4230 12
706 4177 778 4231 Deus
796 4179 837 4230 est
854 4177 959 4230 enimo
1061 4175 1134 4229 inonir
1152 4179 1166 4227 ὂ
1184 4174 1212 4229 Ρ

152 4268 189 4323 13
205 4266 353 4321 maiestate
370 4265 397 4319 Β
483 4264 630 4319 indiuisam
647 4262 676 4317 P
763 4263 796 4317 15
813 4262 882 4333 quod
900 4264 970 4319 Por.
988 4262 1068 4316 Areo.
1156 4261 1188 4315 16
1206 4274 1277 4315 aser·

150 4353 234 4409 tionis
251 4352 285 4407 Η
381 4350 480 4419 Iudaee
496 4364 591 4436 urgens
609 4349 636 4403 P
739 4349 771 4403 17
790 4350 912 4404 caritatis
929 4349 965 4403 Η
1057 4347 1162 4403 adierat
1178 4346 1214 4402 H

201 4473 235 4527 X.
1192 4468 1227 4523 18
