3142 5034
298 415 363 483 340
771 411 955 480 Appendir.

31 596 38 651 l
163 635 185 665 ι.
199 607 460 684 ea-rnmaritis,
485 607 552 683 qnia
575 605 693 681 dignum
708 607 780 686 erat,
796 609 830 666 ut
852 603 1007 667 inmundus
1022 605 1157 664 mundun
1173 605 1295 679 peteret.
1317 604 1429 664 oletum

299 713 330 772 et
351 710 459 772 olidum
480 709 556 770 idem
578 711 623 769 ost
646 711 676 770 et
698 713 768 770 sunt
790 709 840 770 ton
855 723 965 788 meson,
989 711 1065 769 unde
1082 723 1196 783 semper
1211 710 1297 782 egent
1313 707 1430 783 epithe-

299 819 349 876 ton
382 815 410 873 ·i·
442 811 584 874 adlectino
612 812 737 876 nomine.
782 813 998 888 Phalanges
1033 813 1060 872 ·i·
1094 812 1295 872 multitudines
1326 814 1355 870 et
1384 813 1431 872 oet

298 919 399 992 lingua
431 916 588 992 Medorum,
618 918 693 991 quod
721 917 842 977 dicimus
876 917 1014 990 legiones.
1060 915 1223 976 Horrsns
1256 915 1283 972 ·i·
1317 917 1430 988 toruos,

298 1019 462 1095 horribilis;
486 1021 543 1081 tria
564 1023 634 1081 sunt
655 1020 785 1097 epitheta
809 1022 872 1082 sine
894 1020 1105 1092 coniunctione,
1130 1033 1203 1094 qnae
1225 1019 1320 1094 figura
1342 1035 1429 1078 uoca-
1453 1033 1468 1073 s

297 1128 347 1184 tur
369 1123 533 1200 asyndeton.
571 1123 655 1183 Sine
677 1138 761 1198 usu,
785 1123 813 1182 ·i·
836 1124 899 1183 sine
921 1123 1024 1183 efficio.
1063 1124 1131 1183 itum
1161 1123 1232 1183 dinit
1261 1121 1431 1182 resoluta

298 1225 435 1301 ostendit,
466 1227 535 1301 quid
564 1227 605 1287 sit
631 1227 776 1302 paralisis.
815 1227 902 1299 nisis,
937 1227 1062 1298 soluti03
1095 1226 1241 1302 paralisis,
1278 1226 1428 1296 resolutio,

297 1329 366 1390 inde
387 1329 559 1405 paraliticus
581 1347 634 1405 per
651 1347 705 1389 sua
726 1330 857 1390 membra
882 1330 1038 1391 resolutus.
1085 1327 1247 1390 Vincula
1269 1329 1297 1388 ·i·
1314 1345 1430 1402 eompa-

297 1433 469 1509 ginationes.
506 1433 598 1494 Nerui
627 1435 698 1494 sunt
730 1433 850 1493 uincula
883 1433 1022 1508 corporis,
1053 1418 1116 1493 cnm
1150 1449 1216 1493 uero
1244 1431 1431 1493 resoluuntur

297 1538 394 1596 laxum
426 1537 456 1597 et
488 1534 628 1596 fluuidom
660 1533 785 1595 reddunt
818 1551 930 1611 eorpus.
986 1536 1097 1595 Malis
1131 1553 1165 1597 ·s·
1198 1536 1427 1596 infirmitatibus.
1442 1553 1466 1592 n

298 1639 428 1714 Quinque
450 1637 543 1701 modis
565 1641 650 1700 datur
672 1639 842 1699 infirmitas:
865 1639 956 1713 primo
971 1639 1088 1713 propter
1103 1639 1225 1714 gloriam
1242 1640 1298 1714 dei,
1315 1641 1348 1698 ut
1364 1639 1430 1698 lau·

298 1743 381 1803 detur
403 1745 474 1804 deus
495 1742 572 1802 siout
594 1743 624 1802 in
646 1743 755 1803 Lazaro
779 1745 809 1802 et
824 1742 854 1801 in
869 1757 954 1802 saeco
971 1743 1061 1813 nator
1078 1743 1200 1802 seeundo
1217 1742 1254 1802 ad
1269 1741 1430 1803 eustodian

297 1847 437 1907 uirtutum
470 1846 547 1906 siout
570 1845 667 1914 Paulo,
704 1861 740 1905 ne
773 1844 958 1906 insolesceret
987 1846 1071 1905 tanta
1092 1844 1306 1918 magnitudine;
1340 1846 1430 1904 tertio

296 1951 332 2010 ad
357 1951 512 2024 augmenta
532 1949 674 2009 uirtutum
696 1949 774 2008 sieut
797 1948 906 2010 Tobiae
929 1952 959 2008 et
979 1950 1041 2022 Iob,
1069 1951 1118 2024 qui
1139 1950 1285 2023 patienter
1300 1948 1436 2008 ferentes

296 2051 495 2114 infirmitatem
517 2053 678 2112 sanctiores
701 2052 834 2126 luerunt3
859 2055 962 2126 quarto
989 2054 1105 2128 propter
1128 2055 1248 2127 peccata
1269 2054 1347 2112 sicut
1361 2052 1461 2112 huicne

297 2155 464 2230 paralitico3
493 2157 613 2229 quintus
642 2157 743 2217 modus
764 2159 812 2216 est
839 2159 1034 2232 reproborum,
1058 2157 1108 2232 qui
1129 2157 1177 2214 hio
1199 2157 1263 2216 ideo
1286 2155 1430 2229 incipiunt

296 2260 434 2332 torqueri,
463 2260 496 2319 tut
518 2274 570 2332 per
592 2259 664 2319 haee
688 2261 834 2319 tormenta
862 2259 983 2319 ueniant
1005 2260 1042 2318 ad
1068 2262 1189 2318 aeterna
1207 2261 1284 2318 siout
1306 2258 1429 2332 contigit

296 2359 405 2421 Herodi
428 2362 457 2421 et
479 2360 631 2421 Antiocho.
677 2361 790 2422 Grata
812 2363 977 2422 mercede
1000 2365 1026 2423 ·i·
1052 2364 1171 2443 uicaria,
1198 2363 1265 2436 quia
1293 2361 1388 2434 illum,
1411 2377 1429 2419 a

297 2481 352 2541 quo
380 2467 511 2538 portatus
539 2463 647 2538 fuerat,
678 2466 823 2540 portabat.
862 2466 943 2526 Haeo
969 2466 1047 2526 dicta
1069 2467 1138 2526 sunt
1159 2478 1211 2540 per
1233 2465 1427 2539 periphrasin.

297 2567 619 2630 Clausen-ultimo.
665 2568 1049 2644 Functaprodeiunota.
1095 2569 1459 2628 Adustae-ieronem
1558 2609 1559 2612 ,

296 2675 353 2746 tae,
377 2674 445 2746 quia
466 2673 604 2735 duodenis
628 2674 713 2749 erat„
728 2671 817 2746 digna
840 2675 898 2732 iane
921 2675 1061 2748 coningio.
1101 2674 1184 2748 Spem
1207 2672 1287 2744 dicit,
1312 2671 1381 2745 qnia
1398 2671 1428 2731 in

295 2773 348 2835 illa
370 2761 433 2834 erat
455 2793 524 2850 spes
546 2776 737 2850 posteritatis.
782 2778 925 2836 Funera
947 2777 973 2834 i·
1000 2774 1130 2837 cadauer.
1175 2776 1428 2835 Inundantem

297 2877 324 2938 .i·
357 2878 506 2954 profluum,
546 2879 660 2938 nomine
695 2891 860 2938 amorreuss
895 2879 920 2937 i·
954 2878 1122 2952 sanguinem
1160 2879 1306 2938 lineatum.
1359 2877 1429 2937 lina

296 2997 398 3056 nasce
431 2981 560 3055 sanguis,
594 2999 664 3042 reno
693 2983 721 3042 ·i·
750 2983 848 3042 refluo.
871 3003 873 3010 ·
893 2980 1015 3040 Filunn
1044 2984 1130 3043 uocat
1163 2982 1304 3042 fimbriam
1336 2982 1427 3040 uasti·

295 3084 385 3143 menti
414 3083 532 3150 Christi.
569 3084 632 3144 llos
652 3087 719 3145 erst
740 3087 815 3158 apud
846 3084 950 3144 Iudeos
973 3087 1005 3143 ut
1035 3085 1065 3142 in
1094 3085 1174 3144 dm.
1202 3084 1321 3158 angulis
1344 3083 1458 3158 palliis

294 3185 345 3246 fila
359 3189 500 3261 ponerent
514 3187 650 3260 iacintlri,
673 3191 707 3246 ut
724 3203 775 3260 per
791 3189 861 3247 haee
876 3188 1111 3247 discernerentur
1126 3205 1143 3246 a
1159 3188 1262 3248 ceteris
1278 3187 1425 3261 geatibns

296 3289 490 3361 lugentia
523 3289 714 3365 Metonynioe
731 3290 949 3363 suntlugeutis.
988 3288 1156 3348 Culmina
1178 3292 1314 3350 moesti
1332 3291 1425 3350 tecti

297 3393 324 3451 .i·
349 3393 496 3452 deflentem
519 3395 641 3467 donum,
664 3395 694 3452 in
717 3410 774 3468 qua
793 3396 876 3453 erant
898 3395 1046 3467 detentae,
1070 3409 1122 3467 per
1145 3393 1175 3452 id
1196 3395 1272 3470 quod
1296 3394 1426 3454 eontinet

295 3499 325 3556 et
356 3493 386 3555 id
419 3497 494 3570 quod
520 3499 695 3558 continetur.
739 3497 907 3557 Moriens
936 3513 987 3571 pro
1017 3498 1138 3558 mort-us.
1183 3496 1371 3570 'l'repidus
1398 3496 1424 3554 d·

295 3600 408 3660 dubius.
446 3599 569 3659 Vlulane
591 3605 643 3661 ton
665 3616 764 3661 meson
793 3603 848 3661 est.
887 3599 1022 3660 Viriatus
1053 3600 1158 3659 dicitur
1181 3601 1323 3659 exereitus
1345 3600 1455 3658 inse-u

294 3718 386 3777 quens
414 3704 445 3762 et
465 3703 607 3763 exercitus
636 3704 760 3779 fugiens.
805 3704 995 3763 Funereos
1019 3703 1045 3762 i·
1071 3702 1166 3762 funeri
1196 3704 1280 3777 aptos
1304 3705 1331 3762 ·i·
1354 3703 1425 3762 tibia
1547 3691 1548 3694 ’

295 3808 441 3868 sonantes.
478 3805 531 3868 Vis
553 3809 598 3867 est
620 3809 747 3868 musicae
769 3809 852 3879 artis,
876 3808 908 3864 ut
931 3806 1087 3880 gaudentes
1102 3807 1168 3879 plus
1189 3808 1321 3880 gaudere,
1337 3807 1425 3867 iaciat

183 3926 186 3931 ’
294 3912 324 3968 et
358 3910 488 3970 dolentes
521 3912 586 3984 plus
620 3911 725 3971 dolere.
770 3910 938 3984 Plangor
966 3909 993 3967 ·i·
1030 3909 1136 3970 luctus.
1183 3910 1368 3983 Frequens
1397 3912 1422 3970 ·i·

294 4029 424 4086 magnus.
469 4012 618 4086 Verris,
648 4013 747 4073 subest
769 4011 921 4073 cantilenis
944 4011 971 4069 ·i·
992 4011 1043 4086 qui
1068 4014 1150 4086 prius
1172 4012 1361 4088 ploranerunt
1375 4029 1424 4087 per

344 4177 362 4231 2
388 4180 496 4245 epteton
523 4179 550 4232 A
669 4180 687 4235 4
712 4181 778 4247 fort.
806 4195 854 4232 nos
881 4178 994 4232 dicimus
1121 4180 1138 4232 6
1165 4179 1302 4234 arintheus
1327 4181 1357 4235 A

293 4260 309 4314 l
336 4261 466 4331 paralisin
492 4276 562 4318 corr.
590 4265 622 4319 in
648 4265 701 4318 -sis
727 4265 755 4318 A
894 4265 926 4318 13
952 4266 1058 4318 tantam
1084 4263 1300 4334 magnitudinem
1325 4266 1355 4320 A

294 4348 328 4401 14
346 4347 439 4400 thobie
455 4349 483 4401 A
585 4350 619 4403 23
637 4355 708 4404 emat
726 4354 753 4405 A
856 4349 889 4403 at
907 4351 1067 4406 metonomie
1085 4351 1112 4404 A
