3142 5034
1276 398 1300 444 V

172 573 285 638 feriore
323 569 481 636 decurtato
516 567 679 635 lacerauit.
732 567 843 648 Itaque
879 566 1095 632 desiderantur
1130 573 1241 634 uersus
1276 570 1305 634 V

170 677 245 749 206,
263 674 343 752 Ι907,
366 673 442 750 431,
462 671 545 748 432;
576 672 792 736 nonnullarum
815 671 994 736 litterarum
1023 671 1159 754 uestigia
1178 674 1304 738 tautum

171 778 295 842 exstant
330 780 365 840 ut
398 774 522 855 V220,
552 775 626 851 221,
654 775 728 847 235,
760 773 835 851 248,
864 772 938 858 249,
968 774 1044 839 250.
1082 773 1224 858 Scriptus
1256 783 1305 840 est

171 883 268 946 oodex
298 896 438 944 sermone
469 877 523 959 qui
552 877 665 944 dicitur
687 876 821 961 uulgari,
845 876 961 960 inquo
984 877 1144 942 sollemnis
1166 880 1216 942 ost
1236 899 1305 962 pera

171 984 308 1050 mutatio
331 982 525 1048 uocaliume
547 985 579 1044 ot
602 1000 648 1058 ue,
671 1000 686 1044 c
712 980 774 1062 (uc)
799 980 916 1063 eti1),
939 980 1058 1063 istc,
1082 999 1099 1043 o
1123 985 1155 1046 et
1177 1000 1199 1044 ce
1222 979 1304 1065 (cm)

163 1086 206 1150 'st
228 1089 259 1152 iu
283 1084 455 1169 primitiuis
477 1083 644 1149 uerborum
666 1082 795 1166 syllabis
818 1086 850 1148 et
863 1084 897 1147 in
911 1083 1073 1159 inolitum
1095 1083 1117 1148 t
1138 1087 1229 1150 modo
1250 1087 1305 1150 ad·

172 1191 270 1269 ditur,
300 1187 391 1254 modo
420 1188 585 1267 omittitur,
615 1192 775 1269 praetereo
797 1206 814 1251 c
834 1206 892 1270 pro
913 1185 961 1266 cle,
991 1207 1043 1267 qo,
1065 1191 1090 1264 t,
1119 1189 1269 1269 sprot,
1292 1191 1306 1251 t

173 1309 232 1374 pro
252 1294 285 1376 ol,
306 1291 328 1373 f
343 1309 398 1372 pro
415 1289 474 1373 ple,
495 1311 516 1372 y
538 1308 594 1371 pro
616 1290 630 1354 τ’
652 1290 795 1373 ponitur3
819 1309 843 1353 n
857 1310 890 1353 m
903 1290 926 1354 d
939 1291 1095 1372 superflue
1110 1290 1304 1357 adioinnturr

173 1415 252 1480 quas
287 1395 459 1476 scripturae
494 1393 643 1458 minutias
678 1392 941 1477 orthographicas,
975 1411 1048 1458 oum
1081 1393 1122 1458 ad
1153 1393 1305 1459 lectiones

171 1505 257 1566 recte
280 1499 461 1564 iudicandas
484 1498 619 1580 librique
634 1515 742 1562 ueram
757 1496 1009 1562 aestimationem
1024 1497 1211 1580 pertineant,
1234 1499 1306 1564 dili·

172 1608 284 1686 genter
306 1601 463 1668 adnotaui.

219 1715 321 1788 (lodex
342 1723 447 1788 uanas
469 1724 614 1804 expertus
637 1724 684 1786 est
706 1724 909 1798 correcturas,
942 1740 1020 1803 quae
1044 1720 1123 1785 locis
1145 1721 1303 1786 nonnullis

174 1827 313 1910 exceptis
335 1817 513 1890 litterarum
534 1823 631 1889 ductu
654 1823 1005 1907 facile-distinguuntur.
1036 1822 1175 1888 Correxit
1189 1824 1307 1906 primus

175 1935 202 1996 is
225 1931 281 2013 qui
303 1930 441 1996 codicem
465 1928 593 2009 scripsit
613 1929 665 1992 uel
687 1928 740 2010 qui
764 1927 883 1992 librum
905 1927 1049 2003 contulit,
1073 1946 1145 1992 cum
1168 1927 1219 1991 hic
1240 1927 1306 1992 illic

175 2035 300 2099 litteras
324 2032 355 2096 et
376 2032 513 2116 syllabas
529 2033 659 2094 omissas
675 2029 815 2094 reficeret
831 2029 857 2115 ¹)
882 2030 914 2095 et
928 2031 1088 2112 archetypi
1101 2032 1306 2112 proprietates

173 2135 432 2220 orthographicas
456 2135 603 2200 mutaret.
634 2133 738 2198 Multo
760 2135 853 2214 plura
874 2134 1007 2198 correxit
1028 2148 1139 2198 manns
1161 2133 1305 2212 secunda,

172 2258 251 2322 qnae
281 2258 341 2303 non
370 2239 471 2303 solum
502 2238 663 2320 archetypi
696 2238 876 2318 scripturas,
907 2256 985 2319 quae
1008 2237 1047 2301 ab
1069 2256 1129 2302 usu
1150 2238 1305 2308 scribenti

174 2343 372 2424 recedebant,
396 2343 611 2419 commutauit,
641 2341 814 2406 sedetiam
843 2345 956 2407 menda
978 2341 1123 2424 grauiora
1144 2358 1181 2405 sx
1202 2359 1304 2406 erem·
1366 2330 1369 2337 ’

172 2447 256 2530 pleri
279 2447 414 2529 quodam
438 2447 601 2510 emendato
623 2445 766 2509 correxit.
796 2444 913 2509 Versus
938 2432 1054 2523 vass,
1071 2445 1135 2510 344
1156 2447 1187 2507 et
1209 2462 1303 2509 uoca-

174 2549 252 2615 bula
274 2568 293 2614 a
315 2547 445 2613 librario
468 2546 585 2612 omissa
605 2547 763 2630 suppleuit
778 2567 891 2612 manus
914 2547 986 2626 alia,
1010 2548 1060 2612 oui
1075 2548 1171 2612 etiam
1186 2547 1304 2630 glossas

174 2657 327 2736 quasdam
351 2652 400 2730 (cf.
424 2672 454 2716 u.
478 2651 523 2715 IV
546 2651 610 2716 263
631 2651 785 2715 uidentur
806 2650 871 2716 295
889 2669 1040 2732 perporo
1062 2649 1091 2715 V
1115 2650 1178 2715 108
1199 2650 1305 2714 contat

175 2755 239 2822 193
260 2759 391 2837 purtem
420 2754 595 2818 australem
618 2755 680 2820 237
710 2753 838 2818 osseus
860 2754 903 2819 68
924 2754 1003 2834 quid
1019 2751 1074 2840 [ill
1096 2752 1305 2820 attribuerim.

173 2859 393 2924 (lorrectorum
416 2875 525 2922 manus
549 2876 642 2939 quam
666 2875 759 2938 saepe
781 2857 835 2920 hic
857 2857 938 2920 liber
960 2875 1068 2939 passus
1090 2857 1142 2939 sit,
1165 2875 1201 2921 ex
1223 2857 1306 2921 notis

174 2961 306 3044 patebit.
346 2961 527 3027 Discernere
557 2966 663 3026 autem
693 2961 768 3042 quid
791 2960 832 3024 sit
862 2959 993 3042 librarii,
1025 2959 1101 3042 quid
1123 2960 1217 3041 primi
1239 2978 1307 3025 cor-

173 3064 303 3129 rootoris
341 3065 393 3128 uel
429 3057 638 3146 posteriorum
676 3082 748 3128 oum
782 3083 842 3127 non
878 3062 990 3145 ubique
1024 3062 1195 3144 potuerim,
1232 3064 1306 3146 quid

173 3167 338 3250 scripserit
359 3167 507 3232 librarius
530 3168 690 3232 enucleare
712 3165 819 3230 studui
840 3166 872 3230 et
894 3167 983 3248 signo
1006 3165 1071 3244 M¹‚
1095 3166 1169 3248 quid
1187 3151 1223 3230 er
1239 3175 1308 3232 cor·

172 3271 303 3334 rectura
336 3271 510 3352 proiectum
543 3272 585 3335 sit
619 3270 663 3334 M
668 3268 681 3305 ⁹
713 3270 765 3334 uel
794 3287 875 3333 corr.
896 3273 988 3335 m.2
1020 3269 1165 3334 indicaui.
1201 3269 1307 3351 htque

174 3375 308 3438 eandem
330 3377 482 3439 rationem
504 3375 538 3439 in
561 3373 671 3439 ceteris
685 3373 777 3438 libris
793 3391 862 3437 sum
877 3373 1011 3439 secutus.
1042 3371 1188 3438 Codioem
1201 3377 1304 3438 totum

177 3474 350 3541 Mediolani
373 3477 502 3542 excussi.

217 3595 264 3660 Ex
298 3599 404 3661 eodem
437 3599 488 3662 uel
518 3597 678 3662 simillimo
708 3597 795 3660 fonte
824 3595 914 3659 fluxit
944 3599 1037 3662 codex
1064 3596 1305 3680 pretiosissimus

174 3695 383 3763 bibliothecae
405 3702 620 3765 uniuersitatis
644 3700 908 3765 Tauriuensis
930 3699 965 3763 Ε.
988 3701 1035 3765 IV
1049 3702 1100 3764 44.
1124 3701 1343 3785 insignitusT

172 3801 230 3882 oui
261 3801 295 3865 in
326 3803 433 3868 eedem
463 3805 539 3868 olim
566 3804 754 3868 bibliotheca
776 3803 921 3868 Bobiensi
944 3804 1178 3870 adseruahatnr.
1215 3805 1301 3868 Folio

174 3920 264 3985 enim
286 3924 386 4004 pomo
409 3923 543 4006 regnor:
565 3925 630 3988 ree
652 3923 747 3988 sese
768 3905 828 3990 seis
844 3923 1025 3989 columbano
1041 3925 1080 3989 oe
1093 3923 1189 3988 sonu.
1213 3924 1307 3988 niter

174 4025 311 4089 mutilus
340 4026 379 4089 ab
409 4025 499 4090 initio
529 4028 560 4090 et
590 4031 744 4109 quondam
775 4047 846 4094 oum
874 4029 952 4093 lituo
975 4027 1010 4094 Ε.
1034 4027 1089 4094 IV.
1112 4025 1153 4090 43
1183 4027 1306 4109 signato

281 4229 308 4296 ¹)=
323 4230 476 4299 Singularis
494 4237 536 4286 est
553 4232 639 4288 foruna
656 4235 798 4304 sedidiyot
815 4257 850 4281 =
866 4251 896 4290 se
914 4235 1016 4306 diitpot
1032 4236 1056 4290 V
1073 4236 1132 4290 4⁸10.

280 4334 302 4399 ²)
321 4331 412 4387 Etiam
430 4351 456 4387 u.
475 4335 514 4388 IV
534 4335 583 4390 143
601 4337 634 4390 ab
652 4337 744 4392 eodem
762 4338 875 4392 librario
897 4339 1008 4394 additus
1024 4355 1081 4394 esse
1097 4339 1220 4394 uidetur:
