3142 5034
292 405 356 471 326
765 403 950 472 Appendix.

144 621 165 651 v.
180 599 345 670 142-1eoiee,
372 597 507 657 balneum
529 614 640 673 maeno,
670 597 817 657 lauaornm
844 597 944 659 latine.
988 597 1086 657 Rude
1116 597 1143 656 ·i·
1172 614 1288 674 nonum,
1317 597 1365 656 bio
1390 597 1418 655 et

291 702 369 761 baso
390 701 470 760 rudis
499 702 528 760 et
558 699 613 760 boo
640 703 721 773 rude,
744 700 833 760 trium
856 716 992 775 generum
1016 703 1060 760 est
1084 703 1112 760 et
1134 702 1280 774 signifieat
1303 717 1417 774 nouum,

290 807 403 878 qnando
425 819 493 864 uero
515 804 629 878 uirgam
652 805 864 876 decorticatam,
889 802 1021 863 feminini
1036 806 1080 863 est
1095 806 1185 865 rudis.
1208 805 1308 865 Itndns
1333 806 1418 865 etiam

290 907 402 968 ruderis
432 908 529 966 neutri
559 909 674 980 generis
701 909 756 979 est,
784 909 857 967 trita
885 890 992 980 tegula'
1013 907 1060 967 uel
1090 907 1189 967 ruinas
1219 910 1416 968 maceriarum.

289 1013 404 1085 Moyses
432 1014 532 1086 typum
560 1010 669 1069 Christi
696 1013 815 1084 gerebat
844 1010 920 1070 siout
947 1011 979 1070 in
1007 1011 1137 1084 apostolo
1159 1011 1284 1086 legitur:
1315 1011 1448 1073 Omnese

289 1116 319 1174 in
342 1116 440 1188 Moyse
468 1113 610 1189 baptizati
638 1115 708 1174 sunt
738 1114 766 1173 -i·
795 1115 825 1172 in
849 1113 974 1173 Christo.
1011 1115 1091 1173 Sient
1121 1115 1195 1173 enim
1219 1117 1352 1175 saluatus
1375 1119 1418 1176 est

288 1221 411 1294 populus
432 1219 527 1278 Israel
549 1217 581 1276 in
604 1219 676 1276 mari
699 1218 785 1277 rubro
809 1218 862 1277 snb
876 1218 974 1292 Moyse
998 1219 1027 1276 θὴ
1049 1218 1189 1278 exereitus
1211 1199 1418 1294 Aegyptiorum

290 1324 413 1403 deletus,
437 1325 480 1383 ita
501 1326 532 1383 et
553 1339 606 1382 nos
628 1325 681 1381 snb
704 1322 817 1382 cbristo
841 1323 869 1380 in
896 1322 1040 1396 baptismo
1067 1320 1213 1382 saluamnr
1235 1323 1264 1381 et
1285 1320 1417 1381 diabolus

290 1445 354 1486 cum
377 1429 440 1486 suis
462 1427 690 1486 aduersitatibns
706 1425 842 1487 uincitur.
868 1425 1007 1484 Clamat
1021 1442 1077 1484 uox
1092 1425 1199 1484 domini
1215 1441 1300 1499 snper
1318 1441 1415 1498 aquas.

291 1530 434 1600 Quattuor
461 1533 530 1588 sunt
551 1531 700 1603 elementa,
724 1546 844 1602 quorum
867 1531 921 1589 dno
945 1528 1002 1588 sibi
1025 1529 1171 1589 sociantur
1193 1528 1224 1586 in
1246 1529 1370 1588 leuitate
1393 1529 1448 1590 -in

289 1633 367 1706 ignis
390 1636 419 1692 et
442 1650 500 1705 aer,
525 1646 639 1692 sursum
662 1632 737 1691 enim
760 1628 874 1707 semper
896 1631 1046 1704 feruntur3
1069 1633 1125 1690 dno
1147 1632 1295 1691 sociantur
1316 1631 1373 1691 sibi
1387 1631 1417 1690 in

288 1736 435 1808 grauitate
458 1737 486 1793 ·i·
515 1738 594 1795 terra
622 1740 652 1794 st
681 1753 764 1810 aqua,
793 1753 908 1809 semper
936 1736 1013 1794 enim
1035 1753 1052 1794 a
1074 1735 1268 1808 superioribus
1298 1735 1336 1792 ad
1364 1735 1418 1792 ima

287 1840 403 1899 eadunt.
446 1838 644 1913 Abyesnm‚
672 1839 809 1912 abyssum
830 1840 915 1898 noeat
936 1837 1054 1896 nimiam
1076 1837 1304 1911 profunditatem
1328 1838 1418 1911 serip-

288 1943 426 2020 tanarum,
451 1959 517 2000 nam
541 1941 663 2015 abyssus
685 1941 775 2000 nimia
796 1939 977 2015 profunditas
992 1940 1108 2000 dieitur.
1141 1941 1287 2001 Nimbis
1311 1940 1339 1998 ·i·
1354 1940 1417 2015 plu·

288 2044 355 2105 aiis.
389 2045 510 2104 Nimbus
533 2045 638 2105 dieitur
660 2045 749 2102 densa
772 2047 802 2103 et
824 2043 975 2118 repentina
997 2046 1098 2118 pluuia
1120 2046 1149 2102 θὴ
1173 2043 1277 2103 dieitur
1306 2043 1417 2102 nimbus
1428 2068 1447 2106 n

288 2149 372 2221 qnasi
393 2149 487 2206 nnbns
510 2165 527 2204 a
549 2147 683 2220 nubibus,
708 2148 784 2206 sieut
808 2147 898 2206 imber
913 2147 996 2220 quasi
1011 2147 1111 2206 umber
1127 2148 1163 2205 ab
1178 2147 1289 2206 umbra.
1330 2147 1416 2206 Neo·

287 2250 386 2307 tanis
414 2251 440 2308 ὴ.
471 2249 642 2309 dulcedinis.
676 2250 784 2309 Nectar
809 2251 944 2324 generale
973 2267 1075 2309 nomen
1102 2252 1149 2308 est
1171 2251 1296 2308 omnium
1321 2249 1416 2309 dulea-

288 2349 394 2411 dinum.
431 2350 557 2411 Sieeus
579 2351 684 2410 dieitur
706 2353 791 2426 quasi
813 2353 875 2412 eine
900 2369 977 2414 snae.
1014 2352 1206 2411 Metallum
1229 2355 1314 2412 uooat
1339 2370 1418 2413 omne

288 2453 400 2515 durum.
456 2453 632 2514 Christus
666 2457 749 2513 orat
785 2456 911 2530 panis,
948 2455 1082 2530 qnoniam
1119 2456 1199 2514 dedit
1236 2457 1278 2514 eis
1316 2472 1417 2528 panem

287 2556 442 2631 sicutipse
457 2556 529 2616 dixit
546 2553 614 2630 ‘Ego
631 2575 694 2616 sum
710 2558 794 2631 panis
810 2553 907 2618 uitae’.
939 2559 1115 2618 Christus
1137 2560 1258 2633 petra,
1282 2559 1448 2631 quoniame

287 2660 367 2719 dedit
396 2662 439 2720 eis
467 2678 581 2735 aquam,
610 2659 685 2719 siout
708 2661 856 2734 apostolus
879 2662 936 2723 ait:
960 2662 1047 2720 Petra
1071 2665 1165 2720 antem
1188 2662 1252 2720 erat
1275 2661 1414 2721 Christus.

288 2763 461 2827 cbristus
483 2765 518 2822 in
542 2765 666 2836 undis,
690 2764 823 2838 quoniam
846 2765 929 2823 duxit
951 2781 998 2824 eos
1021 2782 1074 2839 per
1095 2782 1182 2826 mare.
1210 2744 1370 2824 Rudenti
1391 2766 1415 2823 i-

287 2865 472 2926 uociferanti.
506 2867 631 2925 Raditus
648 2867 763 2941 proprie
782 2870 826 2926 est
846 2883 900 2925 uox
920 2867 1066 2926 asinorum
1085 2869 1160 2926 siout
1177 2868 1292 2926 balatus
1312 2870 1415 2927 ouium.

288 2970 350 3028 Sol
373 2971 485 3030 stetit
509 2972 556 3028 ad
573 2971 720 3030 Gabaon
745 2971 771 3030 ·i·
792 2973 892 3030 eontra
909 2970 1033 3046 Gabaon,
1054 2970 1157 3030 ciuitas
1177 2975 1221 3030 est
1237 2972 1414 3046 metropolis.

287 3078 395 3135 Arma
422 3077 555 3136 diduntur
583 3093 615 3134 eo
643 3077 721 3151 qnod
750 3093 845 3135 armos
875 3077 987 3149 tegunt.
1032 3075 1231 3134 Famulata
1253 3075 1280 3134 .i.
1305 3077 1446 3135 obtem-ee

286 3179 429 3251 perantia.
469 3181 628 3239 Iesusnane
651 3181 684 3238 -et
706 3180 791 3238 Iosue
825 3179 899 3238 idem
923 3181 968 3237 est
990 3180 1019 3237 et
1041 3179 1251 3252 interpretatur
1280 3180 1415 3240 saluator.

288 3282 370 3341 Sine
393 3297 488 3341 mors
512 3282 539 3340 ·i·
562 3282 780 3358 consuetudine,
804 3283 872 3356 quia
895 3283 972 3342 corui
995 3283 1075 3355 prius
1098 3283 1193 3340 solent
1214 3299 1317 3357 rapere
1332 3299 1416 3356 quam

215 3404 217 3409 ·
287 3384 462 3444 ministrare.
507 3384 625 3446 Anido
648 3386 675 3443 ·i·
708 3385 821 3465 aupido,
844 3385 956 3458 guloso.
991 3385 1060 3443 Ales
1084 3386 1188 3444 dicitnr
1210 3387 1247 3444 ab
1271 3385 1337 3460 alis,
1353 3401 1416 3443 eor·

287 3504 342 3546 uus
364 3505 382 3546 a
404 3487 544 3548 raucitate
567 3504 636 3547 suae
658 3489 747 3552 uocis.
792 3489 968 3548 Heredem
991 3489 1018 3546 ·i·
1040 3488 1177 3562 Eliseum,
1200 3489 1285 3548 heres
1310 3487 1414 3547 dieitur

287 3591 323 3649 ab
357 3590 483 3650 herendo
512 3591 559 3650 uel
588 3594 624 3649 ab
650 3608 698 3650 ero
727 3591 754 3648 ·i·
778 3591 900 3651 domino.
946 3593 1074 3666 Astra,
1104 3593 1184 3650 astra
1212 3592 1349 3651 dieantur
1379 3590 1414 3652 ab
1424 3615 1448 3654 eo

288 3697 393 3766 astreo,
417 3694 572 3768 astrologo.
617 3695 745 3754 Snleos
768 3695 796 3752 ·i·
819 3696 909 3768 rigas.
944 3694 1014 3754 Tria
1036 3695 1178 3754 elementa
1208 3695 1319 3755 suleum
1342 3694 1414 3754 faoi·

286 3799 348 3858 unt.
379 3799 437 3856 Aer
460 3797 601 3856 diuiditur
623 3797 743 3873 sagitta,
766 3815 842 3872 aqna
864 3815 947 3869 naue,
972 3801 1021 3857 sed
1038 3799 1094 3857 aito
1114 3799 1143 3857 in
1159 3815 1190 3858 se
1205 3801 1366 3871 recurrunt,
1383 3799 1414 3858 in

287 3903 365 3961 terra
393 3919 461 3962 uero
490 3900 589 3962 sulans
621 3904 727 3976 manet,
756 3902 833 3976 ignis
854 3919 914 3961 non
936 3901 1038 3977 resipit
1061 3902 1182 3975 sulcum,
1206 3903 1256 3961 sed
1279 3900 1415 3976 quioquid

387 4078 420 4132 21
439 4078 473 4132 of.
491 4078 506 4133 I
524 4077 585 4133 Cor.
604 4079 645 4143 10,
662 4078 680 4131 4

337 4240 469 4310 drudus]
492 4241 568 4296 rudis
588 4241 645 4295 AB
748 4241 782 4295 10
805 4242 936 4296 elementa
953 4241 1047 4328 mundi
1071 4242 1098 4294 B
1202 4242 1234 4296 16
1255 4241 1321 4308 sort.
1340 4257 1452 4312 unm-⁸

289 4342 339 4395 bue
441 4334 716 4414 olast1010‘⁰<goo
732 4361 766 4400 m.
783 4349 812 4412 2)
831 4345 858 4398 A
1059 4329 1062 4338 Δ
