3142 5034
1388 302 1400 340 s

564 397 714 468 Remigii
734 400 915 470 expositio.
1240 401 1301 470 351

177 609 260 653 sare
306 594 332 651 ·i·
376 594 541 667 percutere,
586 592 699 666 colapto
741 610 844 668 graeco
888 594 1008 670 cudero,
1059 593 1124 652 iude
1168 594 1308 670 colaphus

178 715 211 756 .s·
236 695 302 755 colli
323 696 463 766 incussio,
488 695 536 755 uel
559 696 678 755 caedere
701 695 727 754 ·i·
751 696 859 770 alapas·
875 696 953 756 dare.
997 694 1149 756 Plausit
1170 697 1197 755 ·i·
1221 695 1336 771 lauitv.
1352 712 1453 754 soe-ros
1562 699 1563 704 ’

177 800 287 872 arrisit,
317 800 386 872 quia
415 802 482 860 ante
498 799 564 858 sub
587 800 729 859 seruitute
755 800 863 859 diaboli
885 815 1009 859 eramus.
1054 798 1173 872 Alepa
1195 802 1240 858 est
1262 801 1307 860 iu·

177 903 274 963 cussie
303 901 390 962 faciei
419 902 536 960 dictae
565 903 625 961 lata
651 903 758 975 palma.
802 903 991 962 Inlectum
1014 901 1042 959 ·i·
1064 901 1254 974 inperfectum
1277 921 1309 962 a·

153 1007 227 1068 ssed
262 1005 380 1064 lectum.
426 1005 578 1064 Sanctio
606 1006 634 1064 ·i·
662 1003 826 1080 promissio.
870 1004 1067 1064 Damuauit
1088 1005 1116 1063 ·i·
1139 1005 1255 1078 puninit
1277 1023 1307 1064 s·

177 1107 249 1168 illud
278 1124 359 1182 opus,
389 1111 464 1183 quod
492 1108 563 1168 fecit
592 1110 708 1182 quando
732 1113 795 1168 erat
824 1109 972 1180 inmemor,
1011 1109 1159 1168 damnauit
1192 1109 1307 1183 quando

176 1213 233 1271 fuit
249 1229 367 1272 memor.
402 1212 544 1273 dedunt
558 1213 585 1272 ·i·
602 1214 747 1274 recedunt.
778 1213 934 1273 Delicta.
961 1212 1102 1272 Delictum
1117 1215 1173 1284 cst,
1194 1212 1307 1286 quando

177 1315 207 1372 id
228 1315 303 1389 quod
331 1329 419 1388 agere
452 1313 589 1373 debemus
619 1312 800 1384 dimittimus,
834 1315 862 1372 et
890 1312 994 1373 dicitur
1022 1315 1104 1387 quasi
1127 1313 1305 1373 derelictum.

176 1420 291 1492 Rigeo
326 1420 400 1480 facit
434 1418 622 1493 praeteritum
658 1418 744 1490 rigui,
782 1417 850 1477 inde
883 1416 993 1490 dirigeo
1027 1418 1054 1476 ·i·
1087 1418 1189 1476 durum
1221 1415 1305 1479 facio.

139 1523 400 1583 accommercia
422 1523 449 1581 ·i·
471 1523 576 1594 pretia.
615 1518 819 1580 commercium
842 1521 869 1580 ·i·
892 1519 1077 1580 commutatio
1109 1520 1243 1580 mercium
1276 1522 1306 1579 et

175 1625 296 1700 proiecit
316 1626 346 1684 in
369 1627 523 1684 corbanan.
558 1625 707 1683 Oorbanan
729 1622 808 1684 enim
831 1627 876 1684 est
899 1623 1134 1696 gazophilatium,
1157 1623 1208 1683 ubi
1229 1625 1306 1683 dona

175 1729 275 1803 populi
297 1728 539 1789 recondebantur.
566 1724 678 1787 corban
694 1727 809 1799 donum,
832 1728 901 1786 inde
915 1728 1059 1786 corbanan
1074 1727 1233 1810 donarium,
1256 1726 1307 1785 ubi

173 1848 256 1904 reges
279 1836 309 1891 et
330 1830 476 1906 principes
491 1831 568 1889 dona
589 1830 751 1888 condebant
764 1830 794 1888 in
811 1832 941 1892 sabbato.
979 1832 1177 1891 Incassum.
1202 1827 1305 1888 (lassae

175 1936 309 1994 dicuntur
331 1934 407 1994 retia
430 1949 610 2006 aranearum,
644 1933 710 1991 inde
738 1933 908 1994 aducrbium
930 1934 1076 1995 incassum
1099 1933 1126 1991 ·i·
1149 1931 1303 1991 inutiliter.

137 2039 308 2102 rsVertat
331 2039 360 2097 ·i·
383 2039 541 2096 subuertat.
580 2037 710 2095 Senior
736 2037 763 2094 ·i·
785 2037 900 2097 iustior.
939 2039 1087 2110 ringens
1109 2037 1136 2096 ·i·
1159 2035 1304 2095 constrin-
1390 2077 1393 2095 .

173 2159 255 2215 gens,
278 2143 435 2204 suffocans.
461 2141 551 2199 Recte
572 2157 625 2214 per
647 2143 748 2214 guttur
764 2157 922 2214 suspensus
938 2140 1006 2213 fuit,
1028 2140 1147 2213 quiade
1162 2139 1213 2199 illo
1229 2139 1304 2198 mele

173 2246 286 2305 locutus
307 2248 362 2316 est,
386 2247 420 2304 de
443 2243 567 2305 cbristo.
605 2245 693 2303 Iudae
722 2245 800 2304 inter
827 2245 936 2304 caelum
966 2248 995 2304 et
1019 2245 1126 2304 terram
1154 2244 1249 2317 periit,
1274 2246 1304 2303 et

173 2351 206 2406 ut
228 2349 346 2422 quidam
368 2348 468 2407 dicunt
490 2348 522 2407 in
540 2347 605 2420 lico,
622 2349 762 2420 quianon
779 2351 843 2408 erat
859 2349 975 2422 diguus,
992 2349 1025 2406 ut
1039 2349 1076 2406 ab
1092 2348 1138 2408 his
1154 2345 1303 2407 elementis

172 2451 359 2526 reciperetur.
392 2451 549 2525 Reluga,
568 2453 726 2510 retrorsum
749 2452 865 2510 uadens.
889 2454 1070 2526 Apostota
1092 2466 1202 2524 graece,
1226 2451 1303 2509 retro

136 2570 329 2615 soconuersus
352 2553 444 2613 latine
467 2554 515 2612 uel
536 2557 614 2612 retro
630 2555 743 2614 cedens.
773 2553 849 2613 Hinc
864 2555 983 2614 uerbum
997 2555 1137 2628 apostate,
1154 2554 1302 2626 apostatas

174 2662 204 2716 et
226 2674 328 2716 nomen
351 2658 500 2730 apostasia
521 2655 586 2729 ipsa
607 2673 654 2716 res
673 2658 699 2715 ·i·
714 2658 893 2717 retrocessio.
934 2657 972 2714 Et
993 2658 1049 2716 iste
1065 2657 1152 2714 Indae
1168 2657 1303 2730 apostata

173 2759 240 2831 fuit,
264 2762 333 2835 quia
355 2760 549 2834 apostolorum
573 2759 684 2819 dimisit
706 2761 881 2820 consortium
904 2763 934 2818 et
948 2760 1099 2820 Iudecrum
1122 2759 1255 2820 caecitati
1271 2777 1301 2819 se

172 2863 305 2927 sociauit.
348 2863 402 2923 Ad
424 2862 591 2936 iugulum
613 2863 641 2919 ·i·
663 2863 701 2920 ad
723 2862 951 2922 decollationem.
985 2863 1122 2936 Iugulum
1146 2879 1234 2937 propo
1257 2865 1302 2922 est

172 2964 288 3038 collum,
312 2965 381 3025 inde
403 2965 544 3040 estquod
566 2965 697 3039 iugulare
720 2966 842 3025 dicimus
865 2965 1016 3026 decollare.
1055 2965 1183 3026 Lucus.
1206 2966 1301 3025 Lucus

135 3071 219 3130 ascet
239 3070 319 3128 locus
341 3085 477 3128 amoenus
499 3073 528 3128 et
550 3070 717 3129 arborosus.-
746 3068 831 3127 Iudai
853 3069 882 3126 in
906 3068 987 3127 siluis
1002 3069 1033 3127 et
1047 3068 1078 3127 in
1093 3068 1214 3128 excelsis
1230 3068 1301 3128 locis

171 3173 332 3230 adorabant
359 3173 445 3234 idola.
483 3172 595 3231 Idolum
617 3172 723 3231 dicitur
744 3171 830 3247 qnasi
851 3172 914 3231 idos
938 3171 1020 3232 dulos
1042 3171 1069 3230 ·i·
1092 3173 1217 3232 seruitus
1241 3173 1299 3232 lor-

171 3291 235 3332 mae
257 3278 287 3333 et
309 3275 457 3335 deriuatur
485 3275 593 3336 idolum
622 3277 659 3334 ab
682 3275 749 3335 idea
773 3277 850 3335 sicut
873 3275 997 3335 formula
1019 3293 1035 3334 a
1057 3275 1158 3336 forma.
1202 3274 1301 3334 Tunc

171 3378 199 3434 ·i·
221 3379 339 3452 antiquo
354 3380 490 3452 tempore.
536 3378 747 3437 Barrabbas
771 3380 981 3453 interpretatur
995 3378 1072 3438 lilius
1087 3378 1180 3451 patris
1203 3380 1300 3439 eorum

171 3481 199 3538 ·i·
222 3480 340 3554 diaboli,
362 3481 415 3539 bar·
437 3481 651 3555 graecensis,
674 3483 763 3541 abbas
786 3483 870 3555 pater
891 3482 940 3543 uel
961 3485 1100 3542 barrabas
1122 3485 1246 3556 perduc
1269 3499 1300 3540 ·r·

133 3582 248 3643 eolilius
270 3584 403 3656 magistri
427 3601 534 3643 eorum.
567 3583 660 3643 Rabbi
676 3584 752 3642 enim
768 3584 909 3660 hebraice,
925 3585 1019 3645 latine
1035 3585 1181 3659 magister.
1218 3587 1298 3646 Ius·

170 3702 232 3744 sus
256 3704 287 3746 ·s·
311 3686 378 3766 fuit,
401 3703 453 3760 pro
472 3685 602 3746 omuibus
617 3685 750 3747 Christus
772 3703 876 3762 passus
899 3687 966 3760 fuit,
990 3688 1078 3748 etiam
1100 3705 1151 3762 pro
1173 3689 1297 3750 latrone.

171 3788 271 3847 Omnis
294 3789 371 3848 euim
394 3806 453 3848 non
475 3805 587 3862 semper
602 3790 777 3863 generaliter
792 3791 907 3863 ponitur
922 3793 972 3850 sed
988 3781 1214 3865 particulariter,
1232 3794 1299 3865 quia

171 3890 306 3950 dominus
327 3908 432 3965 passus
454 3893 499 3950 cst
520 3908 577 3951 non
592 3909 643 3965 pro
658 3893 754 3952 malis.
792 3892 911 3953 Torua
927 3893 1018 3956 falx.
1045 3895 1115 3952 Falx
1130 3898 1175 3954 est
1189 3895 1298 3954 ferrum

170 3992 245 4052 unde
267 3993 407 4053 inciditur
428 3993 551 4069 foenum,
573 4011 625 4068 per
639 3995 745 4054 falcem
760 3995 942 4070 intellegitur
957 3997 1119 4056 maledictio
1135 3998 1297 4074 Iudeorum,

221 4227 256 4280 24
277 4199 351 4282 locus
369 4231 398 4294 (u
415 4244 434 4282 a
451 4245 485 4283 m.
503 4231 533 4295 2)
555 4231 583 4283 Δ
685 4231 719 4284 25
737 4196 821 4288 811ευῖ
837 4233 859 4301 (i
876 4237 957 4298 erce.)
976 4231 1003 4284 A
1105 4231 1139 4286 26
1156 4231 1221 4298 fert.
1240 4232 1299 4286 ido-

170 4330 249 4384 dulos
351 4319 549 4388 maranata
