3142 5034
282 444 346 515 222
783 446 941 501 Sedulii·

284 639 454 719 aestimari,
478 657 539 721 qua
556 637 710 704 Dominus
732 636 924 705 sanotifioari
946 637 1061 723 ualeat,
1084 638 1138 721 qui
1161 642 1274 705 ornata
1296 638 1411 705 saneti-v

282 742 451 822 fiontnisi
474 745 510 807 ut
527 760 580 808 oor
601 740 700 824 pium,
722 742 811 819 mite,
833 740 1001 827 placidum,
1024 747 1148 809 eastum
1170 743 1210 807 ad
1233 741 1300 809 eius
1323 762 1411 827 prae-

280 863 425 929 paremus
446 844 648 930 ingressum?
669 845 825 927 quatenus
848 844 908 911 tali
930 844 1088 911 domicilio
1104 844 1278 912 deleotatus
1294 848 1410 911 saneti-

281 946 438 1014 fioationis
465 966 540 1013 suae
563 947 597 1012 in
614 946 709 1032 ,notis
730 951 877 1031 operetur
905 953 1120 1032 augmentum,
1151 948 1413 1033 quemadmodum

192 1078 195 1085 ·
281 1051 350 1133 ipse
372 1050 528 1116 Dominus
549 1054 656 1116 noster
669 1050 759 1116 Iesus
773 1048 917 1117 Christus
932 1051 965 1116 in
981 1042 1143 1134 discipulis
1158 1070 1192 1118 se
1207 1050 1409 1118 olarifioatum
1434 1074 1446 1114 a

281 1172 349 1220 esse
371 1155 535 1236 memoret,
558 1154 612 1237 qui
634 1153 719 1219 alara
741 1171 865 1238 semper
885 1152 1064 1221 diuinitatis
1079 1154 1150 1220 lnoe
1166 1153 1319 1238 fulgebat.
1341 1174 1411 1220 nam

281 1258 314 1322 in
336 1256 500 1340 euangelio
517 1257 690 1323 seeundum
704 1256 876 1323 Iohannem
892 1274 947 1342 pro
963 1258 1125 1341 disoipnlie
1141 1258 1298 1341 snpplioat
1314 1259 1411 1342 patri3

278 1362 362 1426 inter
383 1360 510 1425 diuersa
532 1377 611 1442 qnae
630 1361 817 1445 prosaoutus
839 1362 888 1426 est
910 1362 1007 1427 uerba
1021 1362 1067 1427 sio
1093 1359 1213 1443 inquit:
1237 1362 1275 1426 et
1297 1359 1412 1425 olari-

278 1463 433 1533 fioatus
461 1481 544 1528 sum
571 1462 712 1544 ineis,
740 1462 867 1529 soilioet
893 1463 967 1547 quia
989 1464 1165 1531 claritatem
1194 1481 1284 1530 suam
1313 1463 1347 1527 in
1369 1464 1412 1529 eis

278 1567 415 1634 inuenit.
452 1568 507 1633 ubi
540 1584 614 1650 ergo
646 1570 678 1632 et
711 1566 967 1634 sanetifioationie
1001 1585 1075 1633 suae
1109 1566 1202 1659 signa
1234 1566 1412 1649 reppererit,
1422 1592 1445 1632 n

278 1670 473 1739 sanotifioare
495 1690 529 1737 se
551 1668 671 1737 ibidem
693 1669 782 1735 dioit.
812 1672 914 1754 pietas
938 1672 1021 1739 enim
1037 1671 1103 1751 illa,
1119 1672 1187 1737 sine
1201 1670 1295 1737 modo
1311 1668 1412 1733 mitis·

279 1777 369 1852 sima,
393 1775 454 1841 sibi
477 1775 611 1842 eonferri
632 1774 817 1858 pronuntiat
837 1773 982 1859 quioquid
998 1760 1062 1842 suis
1078 1774 1207 1841 famulis
1222 1774 1290 1856 ipsa
1304 1772 1410 1836 frueti-

277 1880 363 1948 fioat.
407 1878 521 1944 similis
560 1878 667 1963 itaque
698 1866 806 1943 sensus
845 1879 1033 1944 ostenditur
1058 1881 1091 1943 et
1126 1881 1163 1943 ut
1199 1895 1233 1943 se
1272 1874 1411 1941 benedici

250 1983 463 2068 'praecipiat
502 2000 574 2048 anm
610 1981 679 2066 ipse
714 1982 820 2065 potius
858 1982 1002 2047 uniuersa
1046 1979 1221 2046 benedicat.
1278 1996 1410 2061 namque

278 2087 376 2152 trium
408 2102 576 2170 pueromm
604 2084 791 2151 ineamino
822 2085 1002 2151 canentium
1024 2086 1064 2151 ab
1085 2084 1171 2151 omni
1193 2086 1339 2149 ereatura
1359 2100 1441 2164 pern

278 2190 421 2255 ordinem
443 2189 691 2254 benedioendum
713 2188 884 2255 Dominum
913 2188 1070 2272 generalis
1092 2188 1226 2272 hymnus
1248 2186 1407 2253 exclamat.

320 2326 498 2376 nnvnnrnr
530 2325 676 2375 ausuum
708 2326 820 2378 urum,
859 2327 992 2392 regnum
1029 2310 1177 2375 aduenire
1213 2296 1407 2392 deposuimus

278 2411 462 2499 regnatoris,
486 2412 540 2496 qni
562 2426 695 2497 regnare
715 2429 778 2478 nou
801 2404 928 2493 desinit,
952 2416 989 2478 ut
1010 2412 1157 2478 fallacem
1179 2412 1273 2479 huius
1300 2410 1407 2477 mundi

277 2517 449 2602 prinoipem
471 2534 528 2599 pro
550 2521 753 2600 praesumpta
774 2518 885 2601 puniat
907 2518 1070 2601 tyrannide
1086 2516 1232 2601 solusque
1256 2516 1311 2599 qui
1327 2517 1409 2581 solus

381 2702 398 2756 8
419 2702 477 2796 Ioh.
496 2702 539 2769 17,
558 2703 592 2756 10
695 2704 729 2757 17
745 2702 847 2759 Meton.
862 2703 890 2769 6,
910 2703 944 2757 10

331 2877 418 2946 lqua
435 2877 464 2931 Β
537 2862 674 2931 edificare
690 2878 719 2931 P
807 2880 919 2931 ouuotus
938 2878 1019 2945 (corr.
1033 2878 1116 2944 reos)
1133 2875 1162 2930 P
1237 2844 1267 2931 Ι2
1280 2881 1344 2945 post
1361 2873 1408 2928 nisi

277 2978 332 3019 res.
350 2966 368 3017 4
384 2963 435 3019 tot.
453 2963 485 3017 in
501 2961 534 3017 Η
636 2963 730 3019 mitem
754 2963 787 3028 P,
822 2963 902 3017 mista
920 2965 944 3028 (t
961 2967 1042 3029 erus.)
1060 2962 1103 3029 H,
1138 2963 1219 3017 mitte
1236 2962 1263 3017 B
1351 2964 1410 3015 'sut

277 3067 303 3121 ei
320 3050 463 3136 pparemur
481 3072 516 3133 (r,
536 3081 571 3121 ex
589 3067 611 3135 e)
629 3066 658 3121 P
739 3065 757 3119 3
774 3064 904 3133 quatinus
921 3064 949 3119 Β
1035 3064 1183 3121 delectatur
1201 3065 1234 3131 P,
1261 3065 1410 3137 delectatus

278 3193 307 3253 (u
324 3187 356 3240 e'ee
372 3200 427 3240 rue.
445 3201 481 3238 m.
491 3188 522 3251 2)
541 3185 575 3238 Η
669 3185 687 3238 4
706 3185 916 3254 segmentum-H
1010 3156 1091 3270 qnam
1109 3186 1189 3251 (corr.
1201 3200 1235 3237 m.
1248 3186 1280 3249 2)
1298 3182 1409 3237 ammod.

276 3290 306 3346 Β
396 3288 565 3356 5disoipulis
578 3288 727 3345 suisHBo
818 3290 1003 3359 dmemoratq3
1016 3287 1050 3355 P,
1076 3286 1268 3342 memorabato
1354 3287 1410 3371 luce

277 3427 329 3466 om.
346 3411 375 3465 Β
479 3393 559 3463 ’11Ἑο
576 3390 626 3478 pro
643 3409 677 3463 H
774 3409 838 3463 dum
855 3425 904 3478 pro
923 3410 971 3465 Bu
1074 3378 1214 3491 supplicat:
1228 3409 1310 3475 (oorr.
1328 3424 1362 3461 m.
1380 3409 1407 3469 2)

277 3514 306 3570 Β
401 3498 473 3581 8qu
488 3513 522 3566 Η
605 3515 763 3582 proseqntns
780 3512 825 3567 Η1
911 3512 1007 3582 inquid
1025 3512 1060 3580 P,
1091 3510 1187 3582 inquid
1205 3510 1234 3565 Β
1300 3496 1302 3503 ’
1329 3510 1407 3578 9ais]

276 3596 524 3656 isudd.m.211
625 3597 689 3667 quia
709 3600 752 3667 Β,
783 3599 831 3667 qui
855 3598 957 3655 PHBo
1061 3599 1095 3655 10
1117 3597 1224 3651 inueni»
1245 3597 1290 3662 H,
1320 3596 1406 3650 inueni

276 3742 293 3780 o
395 3695 524 3792 repererit
541 3726 571 3792 (p
587 3739 607 3777 a
623 3740 658 3777 m.
676 3726 704 3789 2)
723 3724 765 3789 Β,
797 3724 916 3792 repperit
933 3723 962 3777 Β
1066 3724 1097 3777 11
1120 3723 1194 3775 motu
1212 3720 1248 3775 Η
1346 3718 1407 3773 mit·

276 3844 384 3900 tissima
409 3844 437 3898 P
541 3843 574 3898 12
599 3816 726 3929 pnundde
752 3846 833 3911 (corr.
856 3859 892 3896 m.
908 3845 937 3911 1)
963 3841 991 3896 Β
1093 3826 1168 3895 ¹”suis
1192 3841 1232 3909 (in
1250 3856 1271 3896 e.
1289 3840 1307 3895 1.
1324 3856 1359 3893 or.
1376 3841 1405 3904 2)

276 3948 304 4005 Β
397 3948 430 4002 14
447 3946 540 4017 potuis
555 3946 584 4001 P
598 3962 669 4002 corr.
686 3948 753 4000 Μ
846 3946 879 3999 15
896 3959 1007 4014 puerum
1024 3942 1059 3997 H
1146 3942 1302 3998 canentium
1318 3940 1405 4004 HBo,

277 4035 411 4090 mutinum
429 4033 485 4089 ΡΒ
610 4033 643 4087 16
661 4032 795 4102 gereretis
813 4047 847 4086 ex
864 4030 1028 4101 generaliter
1044 4030 1088 4084 H‘
1196 4044 1295 4099 ymnus
1313 4026 1342 4082 Β

277 4124 312 4177 18
333 4122 410 4176 Erat
426 4120 559 4189 seriptum
576 4119 608 4173 in
625 4125 680 4199 eet.
700 4118 759 4174 eod.
775 4117 858 4172 huius
876 4132 924 4187 pro
941 4117 1036 4173 mundi
1053 4116 1200 4187 prinoipem
1222 4114 1270 4170 aed
1288 4130 1345 4169 neu
1360 4128 1406 4183 pro

276 4224 326 4263 seeo
338 4208 396 4264 loeo
407 4222 466 4261 reon
477 4204 590 4260 sidetem
598 4206 700 4274 posita,
717 4203 808 4259 mocio
820 4220 859 4258 un
870 4209 967 4259 uector
984 4203 1124 4271 scripserit
1140 4201 1220 4257 huius
1238 4200 1332 4255 mnndi
1348 4214 1405 4268 pro-

277 4310 423 4380 prinoipem
440 4309 514 4364 Iar..
594 4311 626 4361 nt
642 4323 693 4362 om.
711 4308 740 4361 P
839 4306 873 4360 19
891 4292 985 4375 profi>
1004 4304 1031 4360 B
1048 4310 1110 4361 nul
1204 4307 1298 4375 pumat
1315 4304 1344 4357 P

276 4395 449 4466 tyrannidem
467 4396 503 4461 P,
533 4392 688 4463 tyramnide
704 4393 733 4447 Β
836 4407 887 4461 qua
904 4390 960 4462 qui]
979 4390 1043 4459 quia
1059 4390 1087 4445 P
