3142 5034
304 424 369 491 354
777 393 969 486 Appendix.¹

156 648 177 677 v.
192 636 384 693 roo-daeuoco,
414 637 446 678 eo
475 618 548 692 quod
581 630 678 675 omnes
707 613 835 674 naturali
863 611 993 672 bonitate
1022 611 1114 671 uocat.
1158 607 1333 680 Dimisit,
1366 605 1431 681 quia

302 723 453 784 uoluntate
474 721 605 786 mortuns
627 721 683 778 est.
716 718 795 777 llors
818 733 874 776 uou
897 715 970 776 adiit
994 713 1075 772 illum
1090 713 1165 773 siout
1181 709 1319 772 homines.
1356 710 1429 768 Non

302 825 460 886 obeunte
482 825 546 883 dec
568 823 596 882 ·i·
615 822 827 882 commoriente
850 819 1013 890 diuinitate,
1030 817 1099 877 obeo
1115 810 1261 892 significet
1277 813 1428 887 circumdo,

303 929 451 1005 significat
473 931 503 986 et
523 927 640 987 morior.
675 924 875 984 Fatiscuut
897 924 924 982 ·i·
946 921 1146 982 habundanter
1167 919 1361 996 resoluuntur,
1385 917 1430 976 hio

302 1033 369 1092 hias
385 1033 412 1091 ·i·
427 1050 459 1092 os
475 1030 582 1106 aperio.
614 1029 697 1088 Facit
711 1027 909 1088 inchoatiuum
931 1027 1021 1102 hisco,
1043 1023 1143 1096 hiscis,
1168 1023 1238 1084 hino
1260 1019 1431 1096 componitur
1449 1041 1458 1078 r
1544 1030 1545 1033 ’

302 1137 406 1196 fatiscc
429 1151 463 1194 ex
486 1143 600 1213 graeco,
617 1135 691 1208 quod
707 1132 842 1194 estiatur
858 1129 1031 1198 .i·1nu1tum,
1047 1129 1123 1188 unde
1138 1125 1250 1187 affatim
1264 1123 1431 1185 aduerbium
1543 1151 1544 1198 3

302 1243 331 1298 et
347 1239 451 1298 fatisco
466 1238 595 1309 uerbum,
611 1236 688 1311 quod
703 1237 850 1310 siguificat
865 1234 1078 1296 habundanter.
1102 1232 1267 1306 Fragore
1284 1229 1311 1288 ·i·
1324 1227 1429 1287 souitu.
1543 1233 1544 1242 ’

302 1344 411 1417 Fragor
440 1341 545 1401 dicitur
574 1358 696 1415 magnus
726 1341 848 1410 sonitus,
875 1340 999 1397 tractum
1020 1355 1038 1396 a
1060 1335 1161 1396 fractis
1184 1333 1278 1392 rebus.
1316 1331 1430 1390 Maius

302 1445 474 1520 templum
507 1447 593 1507 uocat
625 1459 727 1518 corpus
760 1441 881 1515 Christi,
915 1441 982 1516 quia
1012 1442 1076 1500 erat
1111 1441 1229 1515 plenum
1266 1437 1429 1496 diuinitate.

301 1548 449 1608 Alumni
479 1549 504 1606 ·i·
533 1547 616 1620 socii,
639 1547 716 1606 sicut
738 1545 832 1605 socius
856 1545 946 1618 gemit
968 1543 1092 1604 alterum
1115 1543 1162 1603 uel
1184 1540 1346 1616 discipulus
1370 1557 1459 1600 maro

301 1653 436 1728 gistrum,
460 1652 504 1710 ita
525 1654 556 1709 et
576 1651 650 1710 illud
672 1649 830 1711 Ohristum.
860 1648 977 1708 Poetice
1001 1647 1074 1706 dixit
1096 1647 1132 1708 ob
1155 1647 1283 1708 dolorem
1305 1647 1429 1707 nudasse

300 1756 439 1830 templum
458 1773 513 1814 sua
527 1756 645 1828 pectora
659 1753 761 1811 uidens
777 1752 925 1812 Christum
940 1751 1013 1811 mori
1028 1753 1058 1810 et
1072 1751 1127 1812 hoc
1142 1752 1298 1812 secuudum
1313 1751 1428 1825 Iudam,
1543 1833 1544 1836 Ἴ

301 1862 376 1935 apud
398 1877 469 1934 quos
491 1859 583 1918 uestis
605 1857 802 1928 scindebatur,
826 1858 852 1916 si
874 1855 916 1915 eis
932 1856 1076 1916 accideret
1092 1856 1199 1930 aliquis
1216 1854 1307 1916 dolor.
1332 1855 1428 1915 Sciou·
1544 1874 1545 1883 ¹

299 1963 368 2024 dum
389 1979 456 2024 uero
479 1964 555 2036 quod
576 1963 631 2021 duo
654 1961 721 2020 uela
743 1962 827 2021 erant
848 1960 879 2018 iu
901 1961 1025 2034 templo:
1049 1978 1137 2020 uuum
1156 1960 1289 2035 interius,
1308 1959 1428 2020 alterum
1544 1986 1545 1989 ¹

300 2067 436 2139 exterius,
468 2067 545 2141 quod
579 2066 735 2124 exscissam
767 2067 823 2127 est.
867 2062 1045 2124 Patescit
1074 2064 1100 2122 ·i·
1131 2063 1269 2138 aperitur,
1304 2066 1456 2125 ostenditur

299 2169 376 2244 quod
397 2166 545 2242 siguificat
567 2169 669 2227 scissio
684 2169 754 2246 oeli,
777 2169 983 2227 reserationem
997 2167 1135 2227 uidelicet
1150 2167 1233 2241 legis.
1257 2168 1339 2228 Siout
1356 2169 1428 2228 enim

299 2273 390 2337 facies
412 2272 507 2348 Moysi
528 2273 670 2332 uelamine
693 2272 887 2347 operiebatur,
917 2271 959 2330 ita
981 2271 1028 2331 lex
1050 2274 1118 2330 ante
1141 2271 1297 2332 aduentum
1321 2272 1427 2332 Christi

300 2375 411 2435 carnali
437 2378 467 2435 et
494 2376 616 2437 litterali
637 2377 786 2436 intellectu
809 2377 889 2435 tecta
919 2377 990 2434 orat.
1036 2375 1115 2434 Nou
1138 2375 1336 2451 formauit,
1373 2393 1426 2436 non

299 2479 409 2538 creauit
425 2482 465 2541 te.
495 2479 651 2552 Vipereo
676 2480 702 2536 ·i·
725 2478 900 2553 serpentino.
935 2463 1054 2540 Poetioe‘
1072 2482 1192 2539 mortem
1208 2481 1321 2552 patrem
1336 2479 1424 2538 habu·

298 2581 358 2642 isse
380 2581 465 2642 illum
486 2585 658 2658 serpentem,
684 2601 737 2658 per
758 2600 843 2656 quom
859 2582 969 2656 primus
984 2584 1068 2642 homo
1083 2585 1219 2642 seductus
1235 2586 1291 2655 cst,
1308 2587 1453 2643 matremro

300 2702 367 2745 uero
383 2686 445 2745 eius
461 2685 575 2760 culpam
590 2684 692 2761 fuisse,
708 2703 796 2761 quam
811 2675 885 2745 idem
901 2686 983 2745 homo
1000 2686 1150 2746 commisit.
1190 2688 1242 2745 ho
1265 2688 1423 2761 tempus,
1543 2693 1544 2698 ’

300 2787 362 2846 ideo
387 2789 456 2847 dicit
477 2789 513 2848 ad
535 2791 659 2863 tempus,
682 2789 751 2864 quia
772 2806 837 2848 mox
859 2790 1075 2849 resurrecturus
1099 2791 1162 2848 erat
1178 2791 1203 2848 ·i·
1219 2793 1288 2865 post
1311 2789 1423 2850 tertium

298 2890 384 2950 diem.
421 2892 476 2951 Por
499 2891 615 2952 eobasin
637 2893 664 2951 ·i·
687 2909 738 2966 per
760 2891 970 2966 erugationem,
998 2895 1109 2967 quaudo
1140 2894 1214 2952 redit
1237 2894 1273 2952 ad
1300 2893 1423 2953 narrati·
1543 2965 1544 2968 Ἴ

298 3009 388 3054 ouem.
433 2996 478 3054 Et
499 2995 648 3069 patenti
671 2995 697 3054 ·i·
720 2998 832 3070 aperto.
867 2996 986 3057 Cruor
1001 2997 1108 3057 dicitur
1124 3015 1141 3056 a
1157 2999 1307 3076 currendo,
1322 3014 1419 3072 quam·
1544 3072 1545 3081 ἶ

297 3098 347 3156 diu
369 3099 469 3171 currit,
493 3099 581 3158 etiam
604 3101 725 3173 sanguis
748 3117 832 3160 cruor
848 3102 975 3162 uocatur.
1020 3101 1193 3160 Mansore
1208 3102 1236 3160 ·i·
1253 3101 1454 3162 habitatorem
1544 3132 1545 3137 κ

233 3195 235 3198 ’
298 3201 451 3262 miurus
473 3220 504 3261 ·s.
534 3203 613 3262 rocus
637 3221 670 3263 ox
692 3221 734 3280 ρο,
767 3204 814 3279 qur
842 3203 902 3262 rure
925 3189 1025 3266 ratur.
1070 3203 1423 3279 r0o11101,quiinu
1543 3231 1544 3234 κ

298 3307 432 3366 surrexit.
481 3305 652 3380 Augebat
680 3308 707 3366 ·i·
735 3306 994 3381 multiplicabatur.
1038 3306 1083 3366 Et
1116 3307 1308 3366 referrent
1329 3326 1362 3366 ·s·
1383 3307 1425 3368 illi
1543 3291 1544 3306 ¹

296 3407 432 3480 discipul-i
454 3408 481 3467 ·i·
504 3408 642 3468 dicerent.
689 3409 842 3482 Signata
865 3427 897 3468 ·s·
920 3411 1005 3470 anule
1033 3410 1185 3483 praesidis.
1217 3411 1424 3484 Sigillauerunt
1544 3450 1545 3453 =

298 3512 482 3584 sepulchrum
505 3511 603 3584 sigillo
626 3516 657 3572 et
677 3514 758 3572 bulla
780 3512 806 3570 i·
829 3514 914 3572 anulo
937 3514 1029 3588 ipsius
1052 3513 1151 3573 Pilati.
1195 3514 1377 3574 Excubiis
1399 3516 1423 3574 ·i·
1543 3525 1544 3528 ’

294 3613 417 3686 uigiliis.
440 3614 586 3674 Excubiae
601 3616 737 3676 dicuubrr
751 3616 871 3690 uigiliae
887 3617 1017 3687 diurnae,
1033 3617 1107 3676 siout
1122 3617 1243 3690 uigiliae
1257 3622 1456 3679 nocturum
1543 3617 1544 3622 ’

297 3717 464 3777 Sabbata.
499 3719 626 3777 Sabbata
647 3721 677 3778 at
706 3720 859 3779 sabbatum
884 3719 1073 3792 singulariter
1094 3738 1182 3780 unum
1211 3721 1287 3781 diem
1309 3722 1424 3784 demon·

294 3808 401 3880 strant.
431 3819 486 3879 Per
508 3823 561 3882 hoc
590 3825 662 3898 quod
689 3824 760 3883 dicit
783 3825 937 3897 septimum
960 3825 1044 3898 diem,
1067 3829 1270 3884 commemorat
1293 3826 1425 3885 ultimum
1543 3829 1544 3872 ἲ

295 3926 481 3999 ostenditque
506 3925 581 3985 diem
603 3927 785 3998 dominicum,
802 3927 850 4000 qui
867 3927 1007 4006 sequitur,
1023 3926 1146 4002 primum
1163 3944 1237 4002 esse,
1253 3929 1323 4003 quia
1340 3947 1424 3989 omne
1544 3964 1545 3967 =

295 4031 409 4102 tempus
430 4045 483 4102 per
504 4030 579 4089 ·VII·
602 4032 664 4090 dies
696 4031 825 4090 uoluitur
847 4030 932 4090 huius
956 4030 1073 4090 saeculi.
1119 4030 1203 4089 dum
1224 4049 1377 4091 munere
1399 4033 1424 4090 ·i.
1543 4073 1544 4076 κ

239 4181 242 4185 ,
293 4147 359 4189 curn
381 4133 527 4204 unguento
550 4131 727 4192 aromatibus
749 4132 885 4205 perfecto.
916 4133 1083 4192 Aromatum
1105 4150 1196 4206 genus
1219 4138 1264 4193 est
1286 4135 1458 4208 unguentis

348 4365 515 4425 cancroso
586 4369 617 4421 rr
630 4367 912 4435 rra-emortuam.
925 4382 959 4420 m.
972 4367 1007 4420 ar.
1020 4382 1072 4421 sor.
1086 4367 1113 4420 A
1186 4341 1392 4423 arroterinrir
