3142 5034
508 466 659 522 assensu.
678 467 796 537 Operis
818 465 886 521 ιιι.
906 467 946 522 ιι.
1205 471 1208 476 ·
1231 466 1294 536 217
1383 487 1385 491 ’

160 677 257 742 quem
271 658 379 724 nullus
392 660 487 725 audet
502 658 639 742 aspicere
655 661 687 722 et
702 662 833 723 onustae
845 656 1011 723 submissis
1022 655 1153 723 uocibus
1163 658 1299 725 laudaut

161 779 257 845 super
279 761 383 827 sidera
405 761 586 844 potestates.
625 760 659 825 st
680 760 798 826 iterum
820 758 977 825 Dominus
1000 772 1072 826 eum
1089 760 1151 827 tali
1165 779 1296 846 respon·
1328 791 1332 797 ·

161 864 249 930 mone
276 862 437 931 confundit
465 864 586 931 diosus:
616 862 911 947 scriptumest:
942 862 1151 929 Dominum
1174 865 1297 931 Deum

161 972 277 1034 tuum
305 968 489 1035 adorabis
518 970 559 1033 et
586 967 656 1034 illi
678 966 757 1033 seli
778 965 944 1033 seruies.
974 966 1078 1035 adbam
1100 986 1138 1034 ex
1159 967 1299 1035 humana

142 1069 303 1137 sternitur
321 1072 504 1155 respondere
524 1088 660 1156 persona
679 1070 865 1155 dedignatus
881 1068 1003 1137 seilicet
1017 1066 1179 1137 infirmum
1194 1072 1298 1138 rebel·

162 1174 227 1240 lom
260 1174 379 1239 uirtute
405 1174 532 1242 maioris
559 1173 719 1259 potentiae
747 1174 926 1260 subiugata,
956 1174 1033 1239 dost
1058 1174 1151 1241 huius
1175 1190 1298 1259 quoque

161 1278 253 1344 uerbi
272 1278 355 1343 liuor
375 1276 431 1344 ills
453 1278 598 1359 uipereus
619 1280 835 1363 congressione
850 1277 987 1343 deiectus
1002 1278 1143 1344 nondum
1157 1278 1299 1363 posuerit

163 1380 353 1448 temeritatis
380 1381 555 1465 ingenium,
583 1384 638 1448 sed
665 1380 799 1447 trisuibs
825 1381 1007 1466 linguarum
1029 1380 1206 1448 uitiatione
1225 1398 1298 1448 oon·

163 1485 270 1551 tideus·
289 1486 402 1551 'eontra
428 1485 591 1551 uiotrioem
620 1482 790 1570 Trinitatis
819 1501 946 1551 manum
970 1482 1063 1550 tertio
1087 1488 1183 1568 eaput
1204 1484 1299 1569 erigit

129 1587 350 1655 insauciatum
385 1590 477 1654 tuno
500 1586 719 1670 assumpsit
745 1606 830 1653 eum
852 1587 1040 1654 diabolus
1062 1588 1103 1653 in
1124 1593 1298 1654 sanatam

164 1692 380 1757 ciuitatem
409 1694 449 1757 et
476 1690 629 1757 statuit
655 1710 740 1756 eum
767 1708 886 1774 supra
912 1688 1175 1773 pinnaeulum
1203 1696 1298 1759 tem·

144 1795 224 1877 *pli
254 1799 291 1859 ot
322 1794 423 1861 dixit
452 1796 501 1861 ei:
533 1797 566 1862 si
593 1793 805 1860 diliusDei
827 1814 882 1878 os,
905 1795 1081 1862 mittete
1103 1796 1298 1876 deorsum,

164 1898 358 1983 seriptum
389 1901 450 1965 est
480 1900 597 1965 enim:
626 1900 719 1982 quia
743 1898 899 1983 angelis
922 1902 1005 1964 suis
1027 1898 1232 1965 mandauit
1255 1898 1300 1965 de
1333 1895 1335 1899 ’

164 2002 221 2079 te,
250 2003 289 2067 et
309 2001 554 2068 inmanibus
577 2003 726 2068 tollent
751 2001 827 2087 te[,
855 2020 901 2068 ne
923 2001 1027 2068 forte
1049 2001 1230 2069 offendas
1253 2002 1300 2068 ad

129 2102 345 2187 rolapidem
360 2104 496 2187 pedem
520 2104 653 2189 tunm}
690 2124 709 2171 o
738 2106 892 2187 quantum
920 2103 1080 2171 baesitatis
1103 2104 1198 2187 atque
1221 2102 1299 2171 oali·

168 2209 253 2293 ginis
284 2207 376 2293 nigro
405 2223 528 2291 semper
555 2206 738 2273 dominatur
766 2207 801 2272 in
831 2210 967 2289 pastore,
991 2220 1140 2290 meusque
1162 2208 1301 2273 tenebris

168 2312 313 2395 propriae
340 2311 553 2395 malignitatis
581 2310 713 2377 obseura
734 2310 835 2375 uestit
857 2309 1121 2394 indeprehensam
1143 2312 1300 2377 custodire

167 2410 343 2481 mutuam!
372 2434 444 2481 eoae
472 2413 579 2479 disens
608 2414 640 2479 si
670 2409 791 2479 iilius
821 2414 895 2480 Dei
924 2432 979 2491 es,
1010 2415 1147 2482 ostendit
1179 2415 1239 2482 boo
1267 2434 1302 2481 se

168 2517 298 2584 nesaire.
327 2532 399 2585 oum
415 2519 538 2602 quaerit
552 2517 790 2601 dioensiteruuu
810 2518 969 2601 augelis
991 2521 1074 2585 suis
1100 2520 1303 2586 mandauit

131 2621 217 2687 node
240 2624 297 2700 te,
325 2622 488 2688 eonfitetur
514 2622 600 2688 buno
626 2639 702 2706 esse,
733 2641 827 2705 quem
849 2622 958 2707 seruit,
981 2622 1034 2689 sed
1058 2623 1204 2707 ancipitis
1225 2640 1302 2689 usus

168 2726 323 2791 uarietate
345 2725 499 2793 sermonis
528 2725 693 2791 simulator
723 2742 759 2791 aa
785 2724 999 2791 dissimulator
1026 2727 1184 2806 inuentus,
1213 2744 1303 2791 meu-

170 2827 230 2893 dax
259 2828 325 2893 suis
351 2827 471 2894 artibus
494 2830 694 2911 adprobatur.
730 2847 788 2894 neo
815 2828 913 2894 'solius
942 2826 1098 2908 fallatiae,
1129 2829 1301 2895 sedetiam

169 2929 328 2996 stultitiae
350 2931 459 2997 domus
481 2932 530 2997 est
551 2950 604 2999 eor
618 2931 802 3017 malignum.
840 2931 915 3015 quid
931 2932 1014 2997 enim
1028 2934 1145 3015 poterit
1166 2933 1302 3015 ineptius

275 3117 372 3174 3Luo.
390 3120 451 3185 4,8
533 3118 566 3173 10
583 3117 685 3175 naath.
702 3120 728 3185 4,
746 3119 807 3174 bu
887 3118 919 3174 21
938 3117 972 3173 oi.
985 3118 1097 3175 Sallust.
1109 3117 1236 3187 erasa

168 3204 206 3259 23
223 3204 258 3261 oi.
276 3204 352 3260 Pron.
371 3206 413 3272 12,
432 3206 467 3260 23

224 3375 370 3431 lunllum
392 3374 428 3430 H
526 3375 707 3444 tpertautes
725 3374 866 3430 adrerum
889 3376 918 3430 P
1019 3376 1089 3446 eum]
1108 3376 1223 3445 oumP‚
1253 3392 1306 3431 oea.

169 3479 200 3534 B
303 3492 429 3547 responso
446 3493 499 3533 non
517 3477 544 3531 P
643 3468 802 3532 taontudit
818 3477 872 3533 Ho
957 3454 992 3532 Ἰ4
1014 3494 1046 3532 ex
1063 3495 1114 3533 om.
1132 3479 1161 3534 P
1262 3461 1305 3535 'u-

171 3596 253 3636 mana
270 3580 415 3653 (hamt)
432 3580 467 3635 Η
548 3563 733 3650 5⁶'dignatus
749 3581 778 3637 R
793 3596 862 3635 eoru.
874 3586 937 3636 m.1
1013 3583 1040 3659 ,6
1058 3568 1191 3669 uirtutem
1208 3584 1237 3641 R

174 3686 285 3741 maiori·
307 3687 332 3753 (s
350 3686 431 3752 aas.)
454 3684 498 3750 H,
534 3683 630 3738 maiori
653 3684 721 3739 Par.
745 3684 848 3749 Area„
879 3685 989 3740 melotis
1012 3687 1050 3756 P
1096 3754 1098 3758 ι
1141 3688 1157 3741 7
1183 3686 1254 3743 libor
1281 3689 1306 3754 1,

171 3805 225 3845 om.
251 3788 279 3843 B
382 3791 517 3857 nispereus
535 3790 573 3855 (m
590 3790 670 3870 erus.)
688 3788 717 3842 P
816 3758 929 3873 perierit
951 3789 983 3855 P,
1013 3789 1164 3859 deposuerit
1187 3790 1238 3845 Ην

172 3892 191 3945 9
208 3907 303 3946 manua
319 3896 358 3958 (m
375 3894 459 3960 eros.)
476 3890 504 3945 B
607 3891 641 3944 11
663 3906 742 3959 snper
760 3889 789 3945 R
805 3888 854 3973 sed
871 3890 907 3957 ef.
925 3906 949 3945 o.
967 3894 1030 3946 202
1130 3891 1307 3961 pontonium

172 4010 203 4067 B
290 4011 323 4067 13
339 3977 385 4066 suis
402 4011 431 4068 R
518 4010 551 4065 14
568 3982 668 4064 tollssut
685 4010 714 4066 R
799 4012 955 4065 nro-tuum
968 4027 1019 4066 eant
1031 4008 1092 4067 PR?
1174 4012 1206 4065 15
1219 4010 1308 4079 saligo

173 4116 204 4172 R
290 4115 321 4169 17
337 4097 572 4183 indepraoffensam
589 4113 619 4180 (h
637 4129 656 4167 a
672 4130 707 4167 ua
718 4113 751 4180 2)
768 4112 803 4167 Η
891 4114 925 4168 18
941 4113 978 4183 ss]
998 4130 1033 4169 οτι
1050 4129 1093 4168 me
1110 4126 1182 4169 eorr-
1200 4114 1239 4169 1²²

175 4220 209 4274 19
231 4204 302 4289 pluit
324 4219 360 4274 H
374 4234 445 4274 corr.
463 4234 499 4272 ma
516 4220 550 4286 2,
580 4218 671 4287 querit
688 4217 717 4272 P
818 4216 851 4271 21
875 4216 1015 4271 uarietatis
1035 4215 1071 4270 H
1087 4217 1163 4285 (pest
1179 4216 1308 4287 ancipitis

174 4325 286 4390 rasura)
390 4322 441 4376 bae
463 4321 499 4374 H
598 4319 633 4375 22
655 4320 820 4391 adprobatur
843 4324 876 4389 (r²
903 4335 936 4374 eu
959 4321 982 4389 s)
1007 4319 1035 4372 P
1135 4292 1256 4403 fallatiae
1280 4318 1309 4375 R

173 4424 245 4466 sorr.
262 4411 337 4464 ma
