3142 5034
554 399 705 469 Remigii
726 399 907 469 expositio.
1232 399 1294 465 357

165 595 306 654 Similiter
329 594 402 654 iusti
430 612 487 654 non
511 594 621 654 habant
642 597 769 670 pondera
793 595 953 654 criminum.
999 593 1134 654 Hostia
1156 609 1321 655 summae.
1337 613 1414 654 1r-rr

163 701 210 756 est
238 715 269 756 ·s·
303 698 398 758 Isaac.
443 698 585 757 Tacitis
618 699 645 756 ·i·
679 700 777 772 tectis,
816 699 884 773 quia
921 698 1145 758 immolationem
1183 697 1293 758 Christi

164 803 292 862 futuram
315 805 441 876 tegebat.
479 803 644 863 Reserat
666 805 694 862 ·i·
718 804 820 876 aperit.
858 803 1021 870 Heres-i·
1039 803 1135 874 Iacob,
1158 801 1295 874 adquam

164 905 247 964 uenit
270 907 418 966 heredites
434 907 528 966 Isaac.
562 907 604 965 De
626 907 713 966 Iacob
740 907 875 982 loquitur,
906 907 1044 979 quomodo
1066 904 1224 980 proeliatus
1248 905 1293 963 est

139 1026 231 1070 conns
254 1010 369 1084 angelo.
395 1010 485 1071 Iacob
500 1011 620 1070 claudus
635 1010 700 1083 fuit,
716 1010 784 1084 quia
799 1011 918 1083 angelus
934 1025 998 1068 eum
1013 1009 1114 1083 tetigit
1128 1008 1161 1067 in
1184 1007 1292 1081 neruis,
1412 1013 1418 1020 “

165 1116 194 1170 et
217 1115 335 1185 propter
357 1113 526 1188 mysterium
548 1117 578 1173 at
600 1114 663 1174 ideo
684 1115 766 1174 Iudai
781 1131 841 1174 non
855 1114 1031 1173 manducent
1046 1128 1159 1173 neruos.
1177 1119 1185 1140 ''
1197 1112 1293 1171 Gens

166 1215 381 1276 .s·1udeorom.
426 1215 625 1276 claudicat
647 1235 679 1276 ·s·
706 1217 738 1276 in
772 1217 922 1277 credendo.
969 1215 1132 1276 Veritus
1163 1216 1189 1272 ·i·
1220 1231 1293 1273 usn-

165 1318 252 1378 ditus.
293 1318 479 1378 venundatus
501 1337 519 1378 a
540 1337 640 1392 usneo,
670 1323 705 1395 is,
735 1321 820 1394 quasi
843 1335 948 1380 uenum
971 1336 1013 1391 eo,
1037 1321 1084 1378 red
1109 1335 1212 1378 uenum
1235 1333 1291 1380 non

166 1422 212 1479 est
234 1423 265 1478 in
279 1438 343 1482 osu.
380 1421 547 1482 Fratrem
564 1443 596 1483 ·s·
613 1441 735 1483 suorum.
759 1425 803 1482 De
818 1423 924 1497 Ioseph
940 1422 1075 1497 loquitur.
1112 1419 1294 1479 Venditus

126 1541 235 1587 ros-a
263 1526 345 1586 Iuda.
396 1525 581 1600 Reppulit
607 1544 638 1586 s·
666 1545 683 1585 a
713 1527 805 1587 nobis.
851 1526 977 1585 Omnia
1007 1525 1034 1584 ·i·
1063 1526 1154 1585 totam
1187 1524 1294 1582 terram

163 1628 299 1702 Aegypti.
333 1627 376 1687 De
404 1629 555 1688 Pharaone
584 1629 720 1704 loquitur.
764 1631 850 1688 Dum
879 1630 1028 1688 cessant
1050 1646 1081 1688 ιε·
1104 1629 1136 1687 tu
1159 1626 1293 1687 similiter

163 1747 276 1804 semper
298 1731 387 1804 peris.
425 1731 611 1804 Sanguine
634 1750 665 1792 s·
688 1749 748 1793 suo.
779 1732 821 1794 Da
843 1749 918 1805 agno
941 1731 1077 1806 loquitur,
1093 1748 1177 1804 quem
1192 1731 1292 1790 immo·

163 1833 298 1892 lausrunt
319 1832 373 1891 filii
388 1833 481 1893 lsrael
503 1835 532 1892 in
555 1836 675 1911 pascha,
698 1834 735 1895 de
751 1835 834 1894 cuius
849 1834 995 1908 sanguiue
1018 1835 1147 1894 lecerunt
1162 1835 1248 1908 signa
1262 1834 1291 1892 in

163 1935 255 2009 ostiis,
289 1936 356 2011 quia
389 1938 510 2009 angelus
544 1937 595 1996 illa
629 1940 713 1998 nocte
744 1938 908 1998 transiebat
935 1955 986 2011 per
1014 1939 1105 1996 totam
1128 1936 1292 2010 Aegyptum

124 2066 153 2106 15
163 2038 341 2100 interficiens
364 2041 465 2099 omnia
487 2039 680 2114 primogenita
694 2040 833 2114 Aegypti,
850 2042 880 2099 et
894 2039 944 2099 ubi
959 2039 1078 2115 sanguis
1095 2041 1165 2112 erat,
1181 2038 1291 2098 nullum

162 2142 270 2202 malum
302 2143 439 2203 iaciebat.
485 2142 620 2202 Obruit
647 2143 674 2201 ·i·
708 2143 852 2217 dimergit.
897 2143 1004 2204 Vnda
1036 2161 1067 2202 ·s·
1097 2141 1290 2217 baptismatis.

161 2247 314 2306 Refecto
337 2248 364 2304 ·i·
388 2249 527 2306 saturata.
560 2246 603 2305 De
626 2246 696 2306 filiis
724 2245 817 2306 Israel
840 2246 977 2321 loquitur,
1002 2245 1117 2319 quaudo
1140 2245 1214 2320 pluit
1230 2243 1290 2304 illis

163 2351 232 2409 deus
255 2367 369 2411 manna.
414 2350 576 2423 Adoptat
598 2351 624 2408 ·i·
648 2348 744 2424 eligit.
768 2349 810 2410 De
828 2349 897 2408 liliis
912 2349 1007 2410 Israel
1024 2349 1160 2428 loquitur,
1176 2348 1290 2421 quando

161 2454 356 2512 adorauerunt
384 2451 469 2514 idola.
515 2452 595 2511 Sibi
622 2470 654 2512 ·s·
678 2470 695 2511 a
723 2470 763 2512 se.
809 2452 994 2512 Indicium
1020 2451 1047 2508 ·i·
1070 2451 1193 2526 siguum,
1223 2451 1292 2524 quia

124 2555 291 2621 sohominos
313 2556 382 2614 ants
403 2553 497 2628 legem
519 2555 686 2615 nesciebant
709 2555 816 2614 habere
838 2557 996 2630 peccatum,
1013 2573 1069 2615 non
1085 2553 1290 2628 concupiscen-

161 2659 243 2730 tiam,
266 2675 317 2718 nec
340 2658 432 2730 ipsam
454 2657 618 2716 sentiebant
634 2673 698 2717 asse
720 2659 881 2732 peccatum,
905 2657 995 2718 donec
1010 2657 1168 2728 insinuaut,
1193 2657 1226 2715 ut
1243 2657 1291 2717 lex

161 2762 260 2820 dicens
282 2757 346 2820 ‘nac
369 2762 554 2835 concupisces
576 2777 637 2820 rem
659 2759 783 2834 proximi
805 2755 867 2821 tui'.
913 2759 966 2819 En
988 2759 1092 2833 lapis
1115 2760 1142 2819 ·i·
1164 2777 1230 2822 ecce
1253 2763 1288 2822 de

160 2865 255 2936 lapide
277 2863 358 2935 dicit,
381 2866 457 2923 unde
478 2863 621 2924 fluxerunt
642 2880 743 2937 aquas.
779 2863 840 2924 Istc
867 2863 942 2936 lapis
965 2863 1109 2936 significat
1131 2863 1287 2940 Christum,

160 2969 236 3026 sicut
258 2969 301 3026 ait
322 2969 469 3040 apostolus
496 2953 592 3040 ‘petra
612 2969 708 3025 autem
731 2969 793 3026 erat
823 2961 973 3026 Christus’.
1018 2968 1148 3027 Munus
1164 2967 1190 3026 ·i·
1205 2968 1288 3028 holo·
1319 3023 1320 3026 ,

120 3073 271 3134 encausta.
306 3069 512 3129 Seditiosa:
540 3068 655 3128 Dathan
679 3072 708 3127 et
729 3068 847 3128 Abiron.
882 3069 925 3126 Do
947 3067 1015 3127 filiis
1038 3067 1128 3128 Israel
1151 3071 1286 3147 loquitur,

160 3174 274 3246 quando
296 3174 485 3246 insurgentes
508 3175 608 3232 contra
626 3175 745 3246 hioyssn
767 3171 922 3232 uoluerunt
938 3189 1001 3232 eum
1018 3173 1155 3247 lapidare,
1173 3177 1202 3234 et
1216 3178 1288 3236 tunc

159 3277 309 3336 descendit
330 3275 409 3350 ignis
432 3276 468 3335 de
491 3275 568 3334 caelo
592 3293 678 3349 super
703 3275 900 3334 holocaustum
923 3277 953 3334 et
976 3278 1154 3351 consumpsit
1170 3277 1243 3338 illud
1259 3281 1288 3338 et

158 3379 310 3437 maximam
332 3381 445 3452 partam
468 3380 625 3438 castrorum
646 3381 677 3438 in
700 3382 825 3448 tantum,
848 3382 890 3450 ut,
914 3379 939 3438 si
962 3379 1059 3440 Aaron
1088 3383 1190 3442 tanam
1212 3385 1294 3465 turi-,¹

158 3483 258 3541 bulum
280 3500 344 3543 com
366 3483 482 3542 incenso
504 3501 563 3544 non
581 3484 664 3542 stetit
686 3485 762 3544 inter
782 3487 909 3544 mortuos
925 3485 955 3543 et
969 3485 1062 3558 uiuos,
1080 3503 1173 3559 paene
1188 3503 1285 3547 omnes

119 3588 345 3653 amonerentur.
379 3587 497 3645 Heres
520 3587 546 3643 ·i·
570 3588 701 3661 populus,
724 3587 774 3662 qui
797 3603 931 3660 egressus
954 3590 999 3647 est
1015 3590 1050 3649 de
1065 3589 1195 3665 Aegypto
1211 3594 1240 3649 et
1255 3591 1284 3648 in

157 3690 271 3748 deserto
293 3689 349 3749 fuit
366 3691 495 3749 mortuus
511 3695 628 3764 excepto
642 3692 727 3750 Iosue
743 3692 773 3750 et
790 3691 885 3752 Caleb.
910 3691 948 3749 Et
963 3693 1046 3751 Iosua
1062 3692 1163 3752 diuisit
1179 3687 1285 3752 terram

156 3792 260 3866 populo
283 3809 351 3865 suo;
374 3791 417 3851 ita
432 3793 564 3853 Christus
587 3795 713 3868 disponit
735 3795 822 3854 beata
844 3811 933 3867 regna
956 3796 1049 3869 patris
1065 3795 1126 3856 suis
1141 3795 1284 3859 fidelibus.

156 3892 278 3953 biuros
301 3894 336 3954 de
357 3895 468 3954 Iericho
492 3895 571 3976 dicit,
600 3897 714 3969 quando
736 3896 790 3957 filii
812 3897 905 3957 Israel
928 3897 1084 3957 ueniebant
1100 3899 1134 3958 do
1151 3900 1283 3974 Aegypto

257 4077 291 4130 22
309 4076 342 4130 cf.
361 4077 442 4131 Exod.
460 4078 502 4143 20,
521 4078 553 4132 17
656 4077 721 4132 241
740 4078 800 4134 Cor.
820 4081 860 4142 10,
879 4079 896 4132 4

206 4249 240 4302 13
257 4263 334 4316 pasca
352 4249 379 4300 A
480 4247 515 4301 AO
532 4247 666 4302 nesciebat
683 4248 710 4300 A
813 4249 847 4303 25
864 4247 965 4318 abyron
983 4250 1011 4302 A
1114 4249 1148 4304 29
1166 4248 1285 4306 incensio

152 4337 181 4389 A
282 4334 315 4387 31
334 4333 415 4402 Calep
432 4334 460 4386 A
