3142 5034
263 449 328 515 346
737 449 920 518 Appendix.

130 664 153 695 v.
166 655 328 716 cursous,
362 643 483 717 ideoque
515 641 678 717 corripitur.
723 643 905 704 Prohibet
928 645 955 702 ·i·
979 660 1036 706 nou
1063 645 1137 716 uult,
1173 648 1204 704 ut
1231 660 1284 718 per
1305 644 1395 704 talem

263 747 368 806 testem
402 748 599 825 annuntietur,
632 747 702 822 quia
735 764 793 807 non
827 751 873 806 θεὴ
906 749 1032 823 pretiosa
1074 749 1103 808 iu
1141 764 1188 808 ore
1222 750 1391 824 peccatoris.

263 847 402 922 Nigrae
425 850 567 909 mortis.
601 850 721 924 Nigrum
743 853 864 910 mortum
884 851 955 911 dicit
969 869 987 910 a
1000 868 1114 927 graeco,
1136 854 1213 926 quod
1229 855 1274 912 θεὴ
1288 851 1392 911 nicros.

262 952 339 1012 Nam
362 953 461 1024 nigros
476 951 655 1026 appellamus
670 956 809 1024 mortuos,
828 952 905 1012 εὴθεὴ
919 958 949 1014 θὴ
962 957 1100 1014 candidos
1115 956 1259 1015 uiuentes.
1297 954 1393 1013 Ami·
1411 945 1415 952 ‘

160 1138 162 1144 Ι
263 1070 348 1114 cum.
384 1057 516 1114 Amicum
540 1055 620 1115 illius
643 1058 775 1129 dicimus,
799 1057 922 1116 amicum
943 1057 988 1116 illi
1003 1059 1196 1131 possessiuum
1212 1061 1267 1131 est,
1284 1057 1393 1116 amicus
1416 1071 1431 1112 ε

261 1158 306 1217 illi
335 1159 551 1233 adquisitiuuru.
596 1161 787 1233 hegensi·
813 1161 968 1235 nauigans,
997 1161 1071 1220 uude
1093 1161 1251 1235 Virgilius:
1277 1161 1394 1234 Legunt

262 1262 329 1321 uela
350 1265 377 1322 l·
400 1262 549 1336 nauigant.
588 1263 806 1338 spiramina.
841 1264 1004 1338 Spiramina
1019 1266 1104 1322 uocat
1120 1280 1232 1337 seriens,
1256 1280 1307 1338 per
1323 1279 1394 1336 quos

262 1369 415 1440 spiramus.
468 1367 603 1439 Raptis
645 1366 915 1440 penetralibus
952 1368 980 1425 ·i·
1016 1367 1200 1436 interioribus
1237 1367 1392 1437 reseratis;

260 1473 411 1544 penetrale
434 1474 481 1531 est
503 1473 647 1530 secretum
668 1472 859 1544 penetrabile,
889 1473 964 1544 quod
986 1470 1135 1544 penetrari
1157 1473 1264 1546 potest.
1309 1469 1393 1528 Pro-

260 1575 434 1636 cumbens
465 1575 493 1632 ·i·
514 1575 648 1634 damnate
683 1575 784 1634 oculis.
824 1575 952 1649 Speciem
986 1575 1140 1635 simulatae
1172 1575 1274 1633 mortis
1308 1575 1429 1632 nocetne

260 1680 438 1750 caecitatem,
462 1695 519 1752 qua
539 1678 646 1737 mortni
668 1695 725 1737 uon
748 1679 859 1740 uident.
906 1679 1049 1750 Stagna
1071 1679 1098 1736 ·i·
1124 1693 1210 1738 marc.
1247 1678 1391 1750 Stagnum

260 1782 366 1841 dicitur
388 1800 406 1840 a
428 1782 542 1858 stando,
565 1782 615 1839 ubi
638 1798 712 1856 aqua
733 1784 804 1843 stat.
838 1782 880 1839 In
904 1782 989 1841 alno
1014 1781 1042 1839 ·i·
1066 1783 1096 1840 in
1119 1782 1263 1842 nauicula
1297 1779 1391 1838 Alnus

261 1889 307 1945 est
329 1887 438 1959 species
461 1884 583 1953 arboris,
616 1886 650 1943 de
673 1900 730 1959 qua
752 1888 821 1943 suut
842 1901 941 1958 naues,
964 1885 1046 1958 ponit
1068 1887 1165 1944 autem
1188 1886 1314 1957 speciem
1337 1901 1389 1956 pro

260 2004 373 2060 genere.
403 1987 564 2062 Aquosis
587 1987 765 2062 gentibus
782 1990 810 2046 ·i·
824 1989 964 2061 piscibus.
988 1988 1029 2046 De
1045 1987 1172 2061 piscibus
1188 1991 1292 2060 gentes
1309 1985 1389 2058 dicit,

259 2093 334 2150 sicut
356 2092 498 2165 Virgilius
520 2093 556 2150 de
578 2091 682 2166 apibus
707 2088 814 2165 ‘gentis
844 2091 957 2152 adultos
980 2094 1104 2151 educunt
1133 2087 1238 2152 loctus'
1263 2093 1293 2149 θὴ
1314 2090 1428 2150 idemus

183 2243 185 2247 ,
259 2195 323 2268 ipse
344 2196 378 2253 de
399 2194 528 2268 piscibus
553 2190 623 2254 ‘ibat
644 2212 709 2254 eum
736 2194 816 2252 uasti
837 2197 944 2253 circum
965 2210 1037 2266 gens
1060 2194 1178 2252 humida
1199 2188 1301 2267 pouti',
1325 2210 1389 2252 cum

260 2298 294 2356 de
322 2297 428 2356 Proteo
456 2297 631 2370 loqueretur.
675 2297 868 2371 Exequiis.
908 2298 1053 2371 Exeqniae
1083 2300 1151 2356 sunt
1181 2296 1285 2371 officia,
1315 2314 1389 2370 quac

259 2401 380 2459 mortuis
402 2399 608 2472 impenduntur,
631 2401 710 2460 dicta
731 2400 768 2459 ab
785 2401 961 2474 exequendo.
984 2401 1126 2460 Funere
1141 2401 1167 2458 ·i·
1182 2403 1283 2478 morte,
1301 2399 1389 2458 funus

259 2503 365 2562 dicitur
398 2519 474 2562 mors
505 2502 664 2561 afnuibus
690 2504 718 2562 ·i.
745 2503 886 2562 candelis.
931 2502 1072 2562 candelae
1105 2506 1175 2562 snut
1208 2503 1294 2562 funes
1322 2519 1389 2562 cera

259 2606 352 2666 obliti.
395 2606 496 2667 Vrna
526 2606 553 2662 ·i·
581 2606 731 2679 sepultura
759 2607 807 2665 uel
841 2607 939 2686 mariti
969 2609 1014 2666 uel
1042 2607 1105 2668 filii.
1139 2607 1218 2666 Vrua
1245 2623 1298 2665 uas
1326 2607 1426 2671 eratso

260 2710 335 2783 apud
359 2710 504 2783 antiquos,
527 2710 577 2769 ubi
599 2709 711 2768 cineres
734 2713 910 2769 mortuorum
932 2711 1065 2769 solebant
1086 2711 1212 2782 recondi,
1236 2709 1314 2768 uude
1334 2726 1388 2782 pro

259 2812 409 2887 sepultura
422 2813 550 2886 ponitur,
566 2813 642 2872 idem
657 2816 702 2872 est
717 2817 746 2874 et
761 2815 907 2875 momoria.
931 2816 1090 2874 Feretro.
1107 2815 1258 2874 Feretrum
1274 2827 1385 2885 graece,

156 2985 159 2991 1
238 2916 348 2976 latins
376 2916 496 2990 capulus
519 2935 537 2975 a
563 2917 711 2991 capiendo.
748 2918 898 2978 Feretrum
928 2922 956 2978 et
985 2917 1094 2978 faretra
1121 2919 1157 2977 ab
1186 2936 1244 2977 uuo
1274 2932 1385 2992 graeco,

258 3021 333 3094 quoi
355 3023 401 3078 est
422 3019 504 3080 soron
526 3022 649 3080 ueniunt
662 3021 690 3078 ·i·
704 3022 789 3082 ferre.
815 3023 910 3084 Vnum
928 3023 1005 3081 enim
1020 3021 1078 3080 fort
1093 3025 1244 3095 mortuum,
1262 3021 1387 3078 alterum

256 3126 387 3185 mortem.
432 3123 614 3182 Residens
636 3126 666 3182 θὴ
688 3123 843 3200 loquens
866 3128 921 3185 duo
951 3127 1035 3199 sigua
1066 3127 1133 3184 suut
1164 3125 1251 3193 uitas
1285 3125 1314 3182 θὴ
1341 3127 1424 3183 estes

257 3226 462 3304 hysterologia,
495 3227 620 3300 primum
656 3231 732 3287 enim
770 3230 885 3305 reuixit,
923 3231 1026 3290 deinde
1062 3230 1178 3289 resedit.
1225 3227 1385 3286 Candida

257 3346 387 3402 pompa
410 3330 536 3388 blacta
564 3331 667 3402 gloria.
701 3332 765 3391 Mos
788 3333 924 3407 antiquus
953 3337 1025 3404 erat,
1049 3336 1082 3392 ut
1104 3333 1134 3390 in
1156 3331 1384 3391 aduersitatibus

257 3434 288 3490 et
310 3433 457 3492 doloribus
479 3431 570 3506 pullis
592 3435 723 3494 uestibus
747 3435 774 3494 ·i·
797 3437 891 3508 nigris
912 3435 1109 3510 induerentur,
1138 3434 1383 3508 improsperitate

257 3549 324 3594 uero
347 3538 377 3593 et
400 3535 428 3592 in
458 3536 571 3596 laetitia
599 3539 739 3613 candidis,
768 3541 823 3599 hoc
852 3541 899 3600 θεὴ
927 3540 1003 3614 quod
1032 3540 1105 3600 dicit
1126 3539 1247 3598 candida
1269 3554 1381 3612 pompa.

256 3636 457 3711 Squameus
479 3656 531 3714 pro
548 3652 730 3713 squamosus.
765 3644 879 3716 Anguis
901 3642 1007 3702 dicitur
1022 3659 1189 3717 squamosus
1206 3643 1233 3699 ·i·
1250 3655 1421 3715 squamaseo

254 3741 374 3812 habens,
404 3742 480 3802 sicut
500 3743 588 3817 piscis
611 3748 647 3805 ed
670 3749 783 3806 modum
806 3747 921 3820 loricae,
955 3748 1029 3806 undo
1051 3745 1281 3806 inuulncrabiles
1305 3745 1381 3804 suut.

255 3841 431 3905 (tabenna
458 3847 649 3920 compositum
678 3853 723 3908 est
748 3867 782 3907 ex
806 3868 841 3924 ge
863 3854 892 3910 et
914 3866 987 3910 euna
1009 3853 1038 3909 θὴ
1068 3851 1276 3924 iuterpretatur
1297 3846 1383 3906 uallis

254 3947 399 4020 gratuita3
430 3966 466 4023 ge
488 3952 566 4010 euim
595 3951 731 4012 hebraice
759 3953 847 4012 uallis
877 3955 991 4024 dicitur,
1015 3953 1137 4012 Heuuou
1160 3953 1276 4028 quidam
1300 3951 1383 4009 homo

357 4167 504 4222 6cf.Aeu.
523 4167 638 4222 111532
692 4159 695 4166 ’
733 4169 766 4222 15
784 4167 831 4222 Ge.
850 4169 891 4224 IV
911 4169 961 4223 162
1053 4172 1087 4225 16
1105 4170 1152 4228 Ge.
1171 4173 1280 4228 1V430

308 4373 339 4423 lb
356 4371 442 4423 cidem
459 4374 488 4425 A
589 4373 622 4427 16
639 4374 712 4426 euim
729 4375 757 4427 A
860 4377 894 4429 22
912 4377 1011 4431 &ordia
1030 4379 1057 4430 A
