3142 5034
264 369 328 436 352
649 452 652 455 1
737 367 922 436 Appendir.

263 563 377 636 quando
399 561 547 624 dixerunt:
576 559 701 635 Sanguis
722 558 786 622 eius
818 577 905 635 super
928 578 981 620 nos
1004 564 1033 620 et
1061 577 1146 634 super
1168 561 1244 620 filios
1267 563 1391 620 nostroe.

263 664 345 724 Siout
368 665 444 724 enim
465 663 541 724 fuleo
563 663 701 724 inciditur
717 662 841 738 foenum,
862 661 905 721 ita
919 662 1003 722 Indoi
1018 663 1075 722 ista
1091 663 1292 724 maledietione
1308 665 1394 724 inuisi

115 771 341 829 ares-rossum.
385 767 684 841 vigilii-sagaci.
729 767 1093 840 Leuisseprolauare.
1131 767 1395 842 Saorum,quod

262 875 392 947 praestat
406 871 530 932 ueniam.
558 871 694 945 Implet
715 870 851 932 arundo
873 887 1026 932 manum:
1049 887 1112 930 oum
1127 871 1199 930 dioit
1213 870 1324 946 implet,
1340 871 1393 930 de-

262 978 415 1046 monstrat,
439 976 515 1049 quud
537 990 645 1048 magna
673 973 738 1034 init.
774 973 893 1034 Arundo
921 972 997 1031 idem
1020 975 1064 1032 est
1086 975 1116 1034 ot
1138 972 1242 1038 ferula.
1288 974 1432 1049 saep-⁵

261 1083 357 1140 trum
383 1077 543 1138 inualidum
566 1078 593 1137 ·i.
615 1077 769 1152 infirmum,
804 1078 872 1151 quia
901 1077 986 1138 exilis
1014 1079 1043 1137 et
1064 1076 1201 1138 flexibilis
1223 1078 1313 1150 herba
1335 1080 1394 1137 est.

261 1183 423 1243 Vaouum
445 1181 472 1240 ·i·
495 1181 563 1254 quia
589 1197 648 1261 non
676 1179 766 1240 habet
795 1179 958 1242 medullam.
1002 1179 1153 1253 Moxque
1181 1181 1207 1238 ·i·
1237 1183 1395 1254 postquam

262 1285 365 1345 illusus
387 1284 454 1356 fuit,
478 1283 610 1344 Christus
633 1285 665 1344 in
687 1283 791 1342 alienis
820 1282 953 1344 uestibus
975 1282 1081 1342 illusus
1103 1282 1169 1344 init.
1204 1284 1395 1358 Allegoriaat.

262 1389 325 1448 Hoo
347 1391 465 1463 aooepto
481 1387 577 1448 alieno
602 1385 712 1446 dimisit
734 1386 881 1460 proprium
904 1385 1109 1445 uestimentum
1131 1389 1161 1446 et
1183 1385 1285 1448 iterum
1311 1404 1397 1448 mee·

261 1490 315 1565 pit,
346 1491 493 1566 signifieat
520 1491 594 1564 qnod
625 1492 806 1564 depositurus
836 1491 898 1550 erat
925 1489 1076 1550 mortalem
1099 1506 1211 1554 earnem
1235 1493 1264 1550 et
1286 1492 1435 1556 iterumne

261 1599 431 1671 sumpturus
468 1594 644 1667 resurgendo
678 1593 869 1654 inmortalem.
913 1593 960 1654 Vt
993 1594 1175 1654 mutabile
1204 1593 1230 1651 ·i·
1259 1595 1394 1659 mortale.

263 1683 393 1784 Vinum
416 1698 514 1758 felle.
550 1697 641 1756 Mirra
662 1699 692 1756 et
714 1698 755 1757 fel
783 1695 995 1758 amarissimum
1022 1697 1145 1758 reddunt
1167 1699 1274 1760 uinum.
1313 1698 1395 1760 Dis-

176 1807 179 1813 '
253 1801 436 1883 oriminis
458 1801 486 1860 .i·
509 1801 653 1876 supplicii.
700 1801 933 1877 Supplicium
963 1801 990 1859 ·i·
1020 1803 1202 1866 tormentum.
1232 1802 1300 1860 Ideo
1323 1818 1394 1860 oru-

261 1921 323 1965 eam
346 1906 444 1978 elegit,
469 1909 503 1964 ut
523 1903 618 1965 leuius
639 1921 692 1964 nos
720 1905 900 1965 saluaromus
923 1923 940 1964 a
963 1906 1075 1966 diabolo
1105 1909 1133 1964 et
1155 1907 1216 1966 eius
1239 1905 1396 1964 fraudibus

261 2008 385 2083 inposito
408 2009 493 2083 signo
516 2009 621 2086 oruois,
644 2009 713 2083 quia
736 2009 763 2068 si
784 2009 933 2083 lapidatus
954 2009 1068 2084 fuisset,
1084 2009 1435 2081 utIudeiuoluerunt,1e

261 2114 442 2186 portaremus
464 2113 589 2186 lapidem
617 2109 651 2172 in
673 2114 791 2186 signum
813 2115 886 2173 eius.
921 2113 1010 2172 Grues
1033 2131 1086 2175 sua
1107 2114 1238 2174 dominus
1262 2113 1397 2172 eontinet

260 2217 354 2274 totum
375 2216 510 2274 mundum
533 2217 696 2290 sicutipse
719 2215 804 2274 dicit:
831 2217 899 2276 (tum
922 2216 1066 2278 exaltatus
1089 2215 1169 2278 fuero
1184 2234 1202 2276 a
1217 2219 1304 2288 terre,
1328 2233 1395 2276 om-

262 2320 314 2378 nia
340 2319 454 2376 trabam
477 2320 512 2376 ad
536 2335 580 2377 me
602 2318 706 2391 ipsum.
740 2319 857 2378 Positus
884 2336 951 2392 ergo
973 2319 1003 2378 in
1026 2335 1108 2380 oruoe
1131 2319 1260 2379 dominns
1282 2319 1397 2378 nertioe

260 2421 355 2480 tenuit
377 2421 526 2492 orientem,
555 2421 674 2494 pedibus
702 2423 887 2496 oooidentem,
917 2423 1017 2482 dextra
1050 2423 1283 2496 septentrionem,
1305 2421 1398 2482 laeua

261 2525 419 2585 meridiem.
441 2524 506 2583 Hae
528 2525 597 2583 suut
618 2526 757 2599 quattuor
779 2527 879 2598 partes
895 2524 1002 2596 mundi,
1020 2541 1092 2599 quae
1108 2541 1210 2598 graece
1224 2527 1266 2584 ita
1280 2541 1396 2584 noean-
1407 2547 1438 2588 se

261 2630 326 2689 tur:
358 2627 460 2686 Oriens
489 2627 637 2704 anathole,
670 2627 804 2687 oooidans
834 2626 917 2700 disis,
944 2629 1104 2701 septentrio
1127 2633 1232 2702 aratos,
1254 2627 1396 2688 meridies

261 2731 436 2791 mesimbria
480 2730 643 2802 Colligit
664 2730 691 2788 ·i·
714 2730 875 2803 coniungit.
920 2729 1023 2789 Tribus
1050 2731 1159 2803 linguis
1190 2732 1313 2806 scriptus
1349 2734 1398 2790 est

261 2833 318 2894 iste
339 2832 458 2894 titulus:
486 2832 621 2894 bebraioe
655 2835 773 2907 propter
806 2833 934 2892 diuinam
968 2833 1152 2909 scripturam,
1189 2835 1222 2892 ut
1254 2832 1398 2894 uidelicet

261 2938 354 2998 omnis
382 2926 485 3010 lingua
512 2937 668 2995 seeundum
696 2953 794 2998 nouem
819 2936 944 3010 apostoli
967 2935 1147 3011 confiteatur,
1171 2937 1238 3008 quia
1260 2935 1398 2996 dominus

260 3043 345 3101 Iesus
369 3040 502 3101 Christus
531 3040 561 3098 in
590 3040 752 3112 gloriaest
774 3039 821 3098 dei
843 3040 944 3114 patris.
980 3039 1056 3113 Ergo
1080 3039 1160 3100 Iudei
1183 3039 1276 3100 nolint
1296 3039 1438 3104 nolintsa

261 3144 444 3217 confitentur,
467 3143 535 3216 quia
556 3142 689 3202 Christus
711 3160 761 3202 rex
783 3144 936 3202 Iudeorum
957 3145 1019 3216 est;
1043 3160 1144 3217 graece
1159 3145 1274 3218 propter
1289 3143 1398 3204 huma·

261 3265 327 3306 nam
342 3247 525 3321 sapientiam,
546 3247 613 3320 quia
629 3247 731 3308 Graeci
746 3247 854 3306 multas
870 3247 947 3306 artes
962 3247 1152 3318 inuenerunt3
1168 3246 1257 3306 latine
1271 3249 1399 3320 prepter

261 3367 405 3410 romanam
432 3350 600 3428 potentiam,
632 3349 763 3411 omnibus
790 3351 927 3424 gentibus
949 3367 1038 3425 paene
1059 3350 1252 3424 imperabant.
1296 3349 1398 3409 Exu-

261 3453 335 3512 niis
350 3453 378 3511 ·i·
394 3453 506 3529 spoliis,
529 3455 647 3514 exuuiae
665 3456 736 3514 sunt
757 3454 873 3529 proprie
895 3454 988 3528 pelles
1005 3453 1130 3514 ferarum
1147 3455 1249 3513 erutae
1268 3457 1399 3512 amem-

261 3555 322 3615 bris
355 3572 463 3628 earum,
501 3558 550 3616 sed
584 3558 702 3618 abusiue
735 3574 788 3631 pro
823 3559 899 3618 omni
928 3556 1020 3631 spolio
1052 3557 1205 3628 ponuntur.
1250 3556 1442 3618 Soismaao

261 3675 365 3732 greeae
388 3658 500 3733 soissio,
522 3660 590 3718 hino
612 3664 642 3720 et
660 3661 819 3720 soismatioi
841 3659 990 3740 haeretiei,
1013 3661 1063 3733 qui
1085 3676 1115 3718 se
1138 3659 1274 3718 scindunt
1295 3677 1314 3718 a
1337 3659 1400 3720 fide

263 3763 413 3823 catholiea.
444 3763 527 3822 Lioet
549 3780 639 3823 nnnm
660 3764 752 3840 fuerit
765 3763 902 3822 iudicium
918 3765 944 3824 ·i·
960 3762 1133 3838 supplicium
1150 3761 1243 3847 erutis
1274 3762 1399 3824 Christo

262 3866 442 3936 uidelicetet
457 3866 629 3939 latronibus,
644 3884 703 3926 non
719 3866 775 3926 fuit
792 3869 887 3925 tamen
902 3883 992 3926 unum
1008 3865 1150 3940 meritum,
1173 3866 1242 3939 quia
1257 3863 1400 3925 Christus

261 3973 378 4044 propter
393 3972 523 4030 nostram
539 3971 661 4030 salutem
676 3970 830 4043 pendebat.
866 3969 1064 4029 Sententia
1081 3968 1106 4026 ·i·
1122 3969 1269 4034 iudioium.
1296 3968 1402 4028 Reus

364 4144 378 4197 1
398 4142 498 4200 Matth.
516 4144 558 4206 37,
577 4143 612 4196 25
716 4144 747 4197 17
766 4143 802 4198 of.
820 4144 878 4198 Iolr.
898 4144 938 4210 12,
957 4144 992 4197 32

312 4306 464 4361 alemonis
482 4309 509 4360 A
613 4309 627 4361 r
647 4308 673 4361 -r-
691 4309 766 4378 quia]
785 4317 823 4377 iq<
846 4311 872 4361 s
976 4310 1007 4363 31
1027 4274 1154 4363 scismati
1172 4310 1199 4361 A
