3142 5034
473 445 476 450 ·
568 433 716 503 Remigii
737 435 920 503 expositio.
1246 436 1310 502 325

182 632 405 692 Grandeeuo
427 631 506 689 situ
528 631 556 690 ·i·
577 629 668 697 nimia
682 631 841 701 senectute,
864 630 938 690 situs
955 649 1006 705 pro
1022 633 1169 691 senectute
1185 630 1309 705 ponitur,
1320 656 1339 683 v.
1355 646 1456 688 roe-142

181 736 297 809 proprie
320 733 395 794 situs
411 733 516 794 dicitnr
538 734 646 807 lanugo
661 736 757 794 terrae
773 736 804 794 in
820 734 891 794 locis
907 736 1049 808 neglectis
1065 737 1092 794 ·i·
1109 735 1163 794 soli
1179 736 1310 794 inacces-

181 839 233 900 sis.
268 837 389 898 Ponitur
411 837 458 896 hie
480 837 553 896 situs
575 855 629 912 pro
651 838 808 899 uetustate.
852 836 1033 910 Frigidus
1057 839 1171 909 dicitur,
1195 839 1265 911 quia
1279 839 1308 896 in

180 941 334 1002 iuuenibus
368 941 488 1015 sanguis
516 934 612 1011 celet,'
623 939 654 1000 in
679 941 799 999 senibus
828 957 894 999 uero
918 941 1021 1014 friget3
1045 942 1169 1014 frigidus
1192 957 1260 1014 ergo
1283 943 1310 999 ·i.

157 1043 306 1108 unciolae.
328 1051 329 1054 ’
351 1044 434 1102 (lum
468 1043 618 1104 seniore
650 1043 747 1117 niro,
781 1044 850 1118 quia
872 1045 1020 1104 Abraham
1043 1045 1099 1104 iem
1130 1060 1215 1104 senex
1237 1047 1308 1122 erat,

181 1147 323 1220 siquidem
345 1147 492 1206 Abraham
515 1146 707 1218 centenarius,
731 1147 802 1206 Sera
826 1163 891 1206 uero
918 1147 1115 1222 nonagenaria
1140 1147 1310 1206 habebatur.

181 1251 270 1308 Senes
291 1249 426 1308 dicuutur
447 1250 602 1308 secundnm
625 1250 781 1310 Varronem
805 1252 888 1323 quasi
912 1269 943 1310 se
967 1251 1137 1328 nescientes,
1159 1250 1227 1323 quia
1241 1266 1310 1324 prae

180 1354 271 1412 nimia
292 1353 437 1413 senectute
464 1352 594 1411 delirent.
640 1351 729 1411 Plus
757 1351 919 1426 pietatis
948 1354 1088 1412 habens
1110 1372 1134 1412 s.
1163 1353 1195 1412 in
1217 1353 1309 1412 deum,

180 1457 216 1516 Iu
238 1458 292 1515 hoc
314 1454 437 1514 crudelia
459 1455 517 1514 fuit
531 1450 688 1525 Abraham,
713 1455 852 1529 quoniam
869 1455 960 1516 filium
977 1457 1119 1516 decollare
1135 1457 1236 1531 uoluit,
1260 1458 1310 1516 sed

143 1562 255 1633 opius,
279 1559 347 1633 qnia
365 1560 447 1616 deum
462 1559 529 1632 plns
544 1576 631 1633 quem
645 1558 735 1617 filium
750 1559 860 1620 dilexit.
899 1560 967 1618 Occ
977 1579 994 1619 u
1004 1578 1030 1617 m
1041 1560 1058 1617 b
1069 1561 1147 1618 eret
1163 1559 1188 1617 ·i·
1204 1561 1310 1619 rueret.

179 1663 264 1722 ldodo
295 1660 478 1734 allegorizet:
509 1661 656 1720 Abraham
678 1661 825 1734 significat
847 1663 931 1720 deum
959 1665 1079 1734 patrem,
1104 1662 1185 1720 Isaac
1208 1660 1309 1733 filium,

180 1764 256 1824 aries
278 1763 481 1822 humilitatem.
520 1765 598 1822 Duas
622 1765 743 1823 naturas
765 1765 796 1822 in
824 1763 936 1824 Christo
960 1766 1112 1837 credimus,
1136 1782 1221 1824 unam
1244 1781 1310 1839 per-

180 1885 291 1939 sonam,
319 1869 348 1926 et
377 1866 453 1926 sicut
482 1868 556 1926 eries
585 1867 750 1926 immolatus
780 1870 826 1927 est
855 1870 884 1927 et
906 1869 988 1928 Isaac
1017 1868 1168 1928 incolumis
1191 1867 1309 1938 mansit,

179 1972 222 2030 ite
244 1969 406 2028 hnmanitas
429 1969 538 2028 (lhristi
559 1972 688 2043 passioni
711 1971 872 2045 succubuit,
896 1973 946 2030 sed
969 1971 1107 2030 diuinitas
1130 1969 1310 2044 inpassibilis

145 2072 247 2138 uiuit.
292 2073 383 2131 Loth
413 2071 620 2145 interpretetur
649 2074 807 2144 declinans,
836 2075 955 2134 Sodoma
985 2092 1071 2148 pecus
1101 2076 1220 2146 mutum,
1243 2071 1310 2147 quia

180 2178 283 2237 contre
315 2177 451 2235 naturam
484 2175 723 2258 irrationabiliter
755 2178 923 2251 peccabant.
968 2177 1083 2236 Chaos
1119 2177 1146 2234 ·i·
1181 2175 1309 2236 confusio

181 2279 394 2351 elementomm,
431 2277 620 2352 perditionem
657 2279 804 2353 significet
836 2280 943 2341 mundi.
988 2281 1066 2340 Note
1100 2285 1145 2340 est
1177 2278 1308 2340 historie.

180 2381 261 2440 Pluit
294 2383 365 2440 deus
393 2381 488 2454 ignem
517 2384 547 2441 et
575 2383 696 2455 sulphur
726 2399 813 2456 super
843 2383 1001 2452 Sodomam,
1029 2385 1166 2457 quoniam
1189 2381 1309 2456 augelus

180 2482 330 2559 praecepit
349 2485 423 2544 Loth
446 2486 475 2544 et
504 2485 584 2545 uxori
615 2487 686 2557 eius,
710 2488 742 2544 ut
764 2485 900 2558 fugerent
921 2489 951 2544 et
972 2488 1038 2559 poet
1060 2503 1091 2546 se
1116 2488 1228 2546 uultum
1251 2501 1310 2544 nou

144 2587 375 2650 eodeflecteuent.
398 2587 552 2662 Aspiciens
574 2604 643 2646 uxor
665 2588 727 2647 eius
748 2590 827 2648 retro
850 2605 934 2647 uersa
957 2591 1002 2647 est
1023 2589 1054 2646 in
1077 2590 1203 2648 statuam
1228 2587 1307 2662 salis,

182 2692 212 2748 et
234 2690 304 2748 bene
327 2690 359 2748 in
380 2694 507 2749 statuam
530 2693 612 2763 selis,
635 2695 668 2750 ut
690 2693 744 2750 hoc
766 2692 895 2765 exemplo
919 2694 1031 2752 mentes
1047 2692 1225 2750 audientium
1240 2709 1308 2751 con-

183 2792 324 2864 direntur,
342 2811 378 2852 ne
393 2793 499 2853 similia
513 2795 705 2868 perpetrando
724 2794 835 2854 similia
850 2796 1028 2867 paterentur.
1052 2795 1092 2852 In
1108 2812 1172 2854 sue
1187 2797 1307 2868 terga,

181 2895 230 2967 orii
253 2895 279 2953 si
302 2895 413 2966 feeerit,
437 2896 527 2956 faciet
550 2898 660 2956 sulcum
684 2897 830 2970 obliquum
854 2898 880 2956 ·i·
903 2900 1064 2958 tortuosum
1080 2902 1130 2956 eut
1144 2898 1309 2958 uulnerebit

181 3015 264 3056 crure
292 2997 442 3072 iugalium.
479 2999 535 3058 Per
565 3001 695 3060 arentem
724 2995 860 3073 designet
883 3001 1119 3074 praedicatorem,
1143 3017 1194 3074 per
1216 3003 1307 3060 erati-

143 3116 264 3166 saonem
285 3102 530 3174 praedicationem
552 3103 580 3161 ·i·
603 3104 698 3176 ipsam
720 3104 889 3165 orationem.
927 3105 1008 3164 Sicut
1031 3103 1105 3162 enim
1127 3107 1224 3164 arator
1250 3121 1308 3163 nnn

181 3204 266 3262 debet
293 3203 402 3264 referre
431 3204 543 3264 uultum
571 3205 602 3264 iu
624 3223 677 3266 sua
699 3207 793 3278 terge,
817 3208 860 3266 ite
882 3208 1064 3280 praedicator
1087 3224 1145 3266 uon
1168 3207 1251 3267 debet
1274 3224 1308 3266 ea

180 3305 285 3378 lacere,
314 3323 386 3379 quae
417 3307 566 3380 praedicat
588 3308 715 3367 uitanda.
760 3309 930 3368 Frondea
952 3327 1002 3382 pro
1025 3310 1168 3382 frondosa,
1191 3310 1307 3370 frondo-

180 3425 242 3466 sum
272 3408 379 3469 dicitur
407 3410 516 3469 habens
544 3410 675 3483 frondes3
705 3411 855 3470 frondeum
878 3428 945 3472 uero
968 3412 1077 3486 aliquid
1100 3413 1134 3471 de
1158 3413 1307 3472 frondibus

180 3511 268 3570 ramis
296 3511 407 3573 iactum
434 3514 510 3573 sicut
538 3529 626 3572 scena
652 3514 680 3572 ·i·
710 3516 917 3576 umbraculum.
961 3517 1097 3575 Plexos
1132 3518 1160 3575 i·
1194 3533 1306 3577 curuos.

145 3613 370 3678 mirisulcis
398 3615 426 3673 ·i·
448 3615 562 3678 trifidis.
618 3616 743 3690 Serpens
771 3619 857 3676 tanta
884 3617 1018 3690 agilitate
1048 3619 1178 3692 lingnam
1200 3621 1306 3693 mouet,

178 3720 212 3775 ut
233 3718 366 3776 uideatur
389 3717 551 3778 hominibus
574 3719 702 3780 trisulca.
737 3719 935 3781 chelidrus
959 3724 985 3782 ·i.
1010 3739 1136 3795 serpens,
1161 3723 1210 3796 qui
1232 3721 1307 3782 uiuit

119 3859 122 3865 ·
179 3820 209 3879 in
244 3825 324 3882 terre
356 3823 386 3879 et
418 3822 449 3880 in
480 3838 563 3896 equa.
603 3822 730 3881 Oheieon
762 3839 864 3896 graece
896 3827 983 3896 terre,
1017 3825 1089 3900 ydor
1122 3842 1205 3900 aqua,
1239 3824 1307 3884 inde

179 3921 325 3983 chelidrus
359 3925 443 3997 quasi
474 3924 640 3985 chersidrus
668 3943 699 3984 eo
734 3926 810 3999 quod
837 3927 869 3986 in
899 3929 978 3988 terre
1005 3931 1035 3987 et
1062 3928 1093 3986 in
1119 3945 1193 4001 aque
1215 3927 1306 4001 possit

179 4024 286 4085 uiuere.
326 4025 510 4086 Incedens
534 4028 561 4086 ·i·
584 4026 767 4102 ingrediens.
805 4029 1009 4104 Baptisma,
1033 4031 1178 4104 baptisma
1200 4031 1304 4090 hebra·

283 4159 298 4211 7
316 4157 350 4212 ol.
368 4173 455 4212 meam
472 4159 506 4214 de
524 4160 648 4230 Remigio
666 4163 807 4215 comment.
826 4179 852 4231 p.
871 4163 904 4218 21

230 4280 265 4333 13
281 4279 422 4334 incolimus
439 4280 478 4333 A¹
579 4281 614 4335 26
631 4297 662 4335 ee
678 4282 764 4335 fetere
781 4283 852 4336 ferro
870 4283 898 4338 B
994 4285 1028 4338 2⁷
1046 4257 1131 4342 delere
1149 4287 1174 4352 (c
1191 4300 1209 4337 u
1226 4301 1260 4339 ce.
1278 4286 1306 4351 2)

179 4364 207 4417 Α
309 4366 344 4419 33
362 4365 480 4421 chelidus
497 4367 536 4421 Αι
638 4367 774 4423 chersidus
792 4369 832 4422 A*
