3142 5034
554 423 703 494 Remigii
725 424 905 492 expositio.
1233 424 1297 490 333

165 618 247 693 filiis,
286 621 366 679 cuiue
400 620 432 678 in
466 618 552 678 labiis
589 619 718 692 pulchris
752 619 856 679 diffusa
883 619 928 680 est
961 621 1065 693 gratia,
1104 619 1171 693 quia
1209 618 1297 678 etiam

165 725 322 786 secundum
351 722 561 784 humanitatem
589 724 737 796 pulchrior
764 723 822 782 fuit
845 723 958 784 ceteris.
1003 722 1158 782 Obsitus
1190 722 1217 780 i·
1240 723 1327 781 cir-v.
1341 737 1431 779 so-ioc

167 831 327 890 cumlatus.
367 828 483 888 Saluo.
512 828 624 887 Salutat
639 830 725 901 poeta
740 830 860 886 matrem
881 827 1001 888 Christi.
1039 827 1154 887 Tenet
1170 824 1197 884 ·i·
1214 826 1299 898 regit.

167 933 258 994 (liro
282 933 309 990 ·i·
331 931 448 1005 circulo,
471 931 547 989 sicut
568 931 694 991 circulus
717 929 763 989 uel
784 948 887 990 corona
909 947 960 990 nec
976 929 1093 989 initium
1108 945 1200 1003 neque
1215 929 1300 988 finem

145 1037 275 1096 shabere
297 1035 423 1106 uidetur,
446 1033 490 1093 ita
510 1035 661 1110 imperium
685 1034 801 1094 Christi.
841 1033 999 1095 Femina.
1024 1033 1141 1093 Femina
1156 1035 1184 1091 et
1199 1032 1301 1090 mulier

168 1155 225 1198 non
254 1141 322 1197 sunt
349 1138 465 1198 nomina
495 1137 698 1210 corruptionis,
727 1138 777 1195 eod
807 1154 892 1196 sexus
916 1139 945 1195 ct
974 1120 1106 1205 naturae,
1131 1153 1195 1194 uam
1220 1135 1301 1208 uirgo

168 1245 201 1302 et
224 1242 332 1302 femina
362 1245 392 1300 et
423 1240 528 1300 mulier
561 1242 658 1313 potest
691 1240 845 1314 appellari.
891 1239 1126 1301 Pastoribus.
1164 1239 1301 1298 Pastores

170 1348 253 1405 erant
275 1346 304 1404 in
327 1347 440 1404 deserto
462 1345 542 1403 ultra
565 1343 716 1404 Bethleem
737 1345 819 1402 iuxta
841 1346 945 1402 turrim
968 1358 1098 1416 gregum,
1117 1341 1166 1415 qui
1182 1343 1303 1400 uocatur

171 1449 327 1509 Aharnam.
367 1449 396 1507 Si
420 1447 543 1520 aliquem
572 1446 704 1507 timorem
726 1446 877 1517 haberent,
907 1445 987 1504 illam
1017 1443 1219 1504 ascendebant.
1258 1442 1303 1501 Ibi

135 1577 163 1618 10
172 1555 234 1612 erat
255 1551 391 1627 planities
415 1553 483 1625 apta
504 1552 591 1624 atque
609 1548 692 1610 utilis
707 1551 867 1624 pecoribus.
912 1549 1018 1609 Tuus.
1041 1546 1150 1608 Mobile
1166 1548 1303 1622 eatenus,

173 1673 234 1733 eoa,
268 1672 358 1716 eoum.
396 1655 473 1714 Eous
505 1653 592 1712 fixum
625 1653 653 1712 ·i·
685 1670 753 1727 pars
786 1652 869 1713 caeli.
914 1651 1118 1728 Tyrannus.
1149 1649 1304 1726 Tyrannus

173 1774 286 1834 graece,
319 1758 410 1818 latine
440 1772 498 1816 rex.
536 1756 687 1830 Tyrannus
715 1755 792 1830 apud
820 1772 873 1816 nos
903 1755 1008 1816 dicitur
1042 1755 1161 1814 inuasor
1193 1754 1304 1813 alienae

174 1861 377 1937 possessionis,
401 1862 475 1919 unde
497 1862 526 1918 et
544 1858 686 1919 Herodem
702 1858 833 1933 appellat
851 1862 1015 1934 tyrannum.
1040 1858 1214 1930 Alienigena
1229 1860 1305 1916 enim

173 1963 240 2036 fuit,
264 1967 348 2038 patre
376 1964 494 2023 ldumeo
523 1967 615 2022 matra
645 1963 780 2035 Arabica,
804 1964 931 2022 nutritus
954 1963 989 2020 ab
1013 1964 1147 2036 Hyrcano
1169 1961 1304 2034 pontifice

138 2066 337 2136 ululantum,
370 2081 428 2137 qno
462 2064 573 2123 mortuo
604 2063 716 2123 inuasit
745 2079 878 2136 regnum·
922 2062 1062 2122 Nubila
1094 2065 1120 2122 ·i·
1155 2064 1305 2124 tristitiam

175 2169 290 2229 mentis.
334 2167 450 2227 Alens
473 2169 501 2227 ·i·
523 2166 669 2240 nutriens3
693 2165 767 2226 facie
790 2166 885 2226 laetus
907 2169 979 2235 erat,
1011 2168 1060 2225 sed
1083 2170 1178 2226 mente
1200 2167 1305 2228 tristis.
1411 2215 1414 2222 .

175 2271 329 2330 Tractat
343 2271 370 2329 ·i·
383 2270 547 2330 meditatur.
563 2269 745 2343 Neglegis
760 2271 788 2329 ·i·
801 2287 860 2330 non
872 2269 1031 2343 intellegis,
1048 2270 1117 2344 quia
1131 2269 1181 2330 ille
1196 2270 1307 2347 legerat

175 2374 206 2432 in
228 2375 295 2448 lege
309 2373 474 2447 Iudoorum,
497 2372 572 2446 qnod
589 2372 722 2433 Christus
743 2376 778 2433 de
799 2375 873 2434 Iuda
888 2373 1005 2434 deberet
1028 2375 1120 2433 nasci.
1151 2374 1179 2431 N
1186 2375 1308 2434 nmina

175 2479 203 2536 ·i·
225 2479 356 2552 potestas
379 2477 426 2536 uel
447 2476 593 2548 uoluntas,
617 2478 686 2550 quia
702 2476 839 2536 uoluntas
855 2494 907 2551 pro
924 2478 1028 2536 effectu
1043 2477 1137 2550 operis
1154 2478 1306 2552 accipitur.

141 2582 405 2643 aoPatrandnm
427 2581 455 2638 ·i·
478 2580 694 2654 perficiendum.
739 2580 896 2639 Alacres
918 2580 944 2638 i·
966 2581 1047 2650 laeti,
1068 2579 1178 2640 festini.
1218 2581 1308 2640 The-

177 2684 309 2744 sauris.
344 2684 508 2744 Thesauros
535 2685 621 2743 uocat
648 2683 748 2742 thecas
777 2683 827 2742 uel
849 2682 969 2756 pixides,
995 2683 1044 2742 ubi
1073 2700 1191 2744 munera
1214 2689 1307 2746 eraut.

179 2787 322 2846 Soletis
351 2787 378 2846 ·i·
401 2787 488 2862 aptis.
526 2787 583 2846 Per
613 2803 714 2845 aurum
741 2785 873 2846 futurum
903 2802 1010 2860 regem,
1041 2802 1092 2859 per
1122 2787 1190 2847 thus
1214 2788 1308 2860 deum,

180 2908 232 2965 per
254 2889 399 2965 myrrham
413 2890 565 2950 mortalem
580 2889 773 2960 crediderunt,
791 2889 860 2963 quia
881 2891 999 2968 myrrha
1014 2891 1176 2948 conduntur
1192 2907 1310 2964 corpora

179 2996 365 3054 mortuorum.
404 2993 475 3052 Trea
497 2993 574 3066 magi
597 2991 761 3066 significant
791 3008 884 3065 genua
907 2993 1063 3052 humanum
1088 3011 1105 3052 a
1127 2993 1220 3053 tribus
1242 2995 1310 3056 filiis
1373 3045 1375 3052 ⁴

143 3098 242 3161 661166
272 3096 492 3156 disseminatum
520 3111 573 3169 per
602 3098 662 3154 tres
692 3095 793 3153 mundi
821 3097 920 3169 partes
947 3097 974 3153 .i·
998 3097 1109 3172 Asiam,
1132 3096 1259 3156 Africam
1282 3103 1311 3159 et

180 3199 334 3272 Europam,
351 3199 419 3272 quia
433 3200 516 3258 uenit
530 3199 568 3257 ad
584 3198 729 3258 Christum
748 3214 814 3258 curn
829 3199 922 3258 tribus
937 3199 1121 3260 naturalibus
1133 3199 1311 3273 disciplinis:

181 3302 315 3377 Physica,
338 3303 454 3375 Ethica,
476 3301 594 3377 Logica.
629 3302 684 3361 Cur
698 3303 756 3362 tria
771 3305 801 3361 et
824 3317 881 3362 non
899 3302 1058 3374 ampliora?
1074 3303 1197 3376 Propter
1211 3321 1312 3364 nume·

182 3422 246 3464 rum
268 3407 386 3466 sanctae
409 3404 561 3464 Trinitatis
583 3403 630 3466 uel
651 3407 769 3478 propter
791 3405 839 3464 ΙΙΙ
861 3407 999 3482 tempora,
1025 3421 1099 3478 quac
1115 3407 1185 3465 deus
1200 3423 1313 3482 semper

184 3510 286 3568 cernit.
320 3509 520 3582 Postquam
541 3507 700 3568 uenimus
724 3511 766 3568 ad
790 3509 981 3568 Christum
1005 3528 1078 3570 non
1099 3513 1313 3583 repetamus

145 3612 351 3684 aciniquum
372 3612 399 3670 ·i·
428 3629 487 3672 non
514 3614 695 3672 reuertamur
717 3613 752 3669 ad
783 3612 938 3692 diabolum,
970 3612 1044 3672 sicut
1068 3616 1145 3688 magi
1167 3630 1223 3673 non
1245 3618 1313 3672 sunt

184 3714 294 3774 reuersi
323 3717 358 3773 ad
386 3714 539 3776 Herodem.
584 3715 713 3774 Herodes
744 3716 953 3788 interpretatur
980 3716 1119 3790 pellicens
1153 3715 1199 3776 uel
1228 3717 1313 3791 pellis

185 3817 279 3889 gloria
309 3819 339 3875 et
360 3817 505 3890 significat
528 3817 681 3891 diabolum,
705 3817 755 3890 qui
776 3819 885 3890 primos
906 3821 1041 3893 parentes
1065 3823 1165 3880 exutos
1188 3821 1262 3880 stola
1285 3823 1314 3880 iu

186 3920 376 3980 mortalitatis
401 3921 496 3981 induit
517 3920 648 3995 pelliceis
672 3921 814 3983 uestibus.
853 3923 1008 3996 Postquam
1031 3924 1108 3983 enim
1130 3939 1181 3997 per
1203 3925 1314 3997 baptis·

185 4040 262 4082 mum
284 4023 419 4084 uenimus
442 4025 479 4084 ad
501 4024 657 4101 Christum,
680 4042 736 4084 nou
760 4027 893 4087 debemus
912 4029 1020 4087 reuerti
1042 4027 1079 4087 ad
1095 4027 1251 4100 diabolum,
1269 4030 1314 4086 cui

187 4358 216 4415 Δ
240 4275 272 4329 13
290 4274 461 4345 aligenigena
479 4277 506 4330 A
611 4278 644 4331 14
660 4291 758 4346 yrcanc
776 4278 804 4330 A
902 4277 935 4332 23
953 4278 1036 4334 mirra
1053 4281 1080 4333 A
1177 4279 1212 4334 26
1230 4252 1316 4346 611111
