<?xml version="1.0" encoding="UTF-8"?>
<!DOCTYPE html PUBLIC "-//W3C//DTD XHTML 1.0 Transitional//EN"
    "http://www.w3.org/TR/xhtml1/DTD/xhtml1-transitional.dtd">
<html xmlns="http://www.w3.org/1999/xhtml" xml:lang="en" lang="en">
 <head>
  <title>
</title>
<meta http-equiv="Content-Type" content="text/html;charset=utf-8" />
  <meta name='ocr-system' content='tesseract 3.04.00' />
  <meta name='ocr-capabilities' content='ocr_page ocr_carea ocr_par ocr_line ocrx_word'/>
</head>
<body>
  <div class='ocr_page' id='page_1' title='image "./corpusscriptoru06wiengoog_0331.png"; bbox 0 0 3142 5034; ppageno 0'>
   <div class='ocr_carea' id='block_1_1' title="bbox 488 452 1291 527">
    <p class='ocr_par' dir='ltr' id='par_1_1' title="bbox 488 452 1291 527">
     <span class='ocr_line' id='line_1_1' title="bbox 488 452 1291 527; baseline 0.016 -20"><span class='ocrx_word' id='word_1_1' title='bbox 488 453 641 509; x_wconf 85' lang='lat' dir='ltr'>Paschal.</span> <span class='ocrx_word' id='word_1_2' title='bbox 660 452 779 523; x_wconf 83' lang='lat' dir='ltr'>Operis</span> <span class='ocrx_word' id='word_1_3' title='bbox 802 456 873 509; x_wconf 89' lang='lat' dir='ltr'><strong>Lib.</strong></span> <span class='ocrx_word' id='word_1_4' title='bbox 891 456 959 511; x_wconf 89' lang='lat'>1111.</span> <span class='ocrx_word' id='word_1_5' title='bbox 1227 460 1291 527; x_wconf 80' lang='grc'>267</span> 
     </span>
    </p>
   </div>
   <div class='ocr_carea' id='block_1_2' title="bbox 123 642 1291 1554">
    <p class='ocr_par' dir='ltr' id='par_1_2' title="bbox 155 642 1291 1038">
     <span class='ocr_line' id='line_1_2' title="bbox 155 642 1291 730; baseline 0.006 -24"><span class='ocrx_word' id='word_1_6' title='bbox 155 642 235 706; x_wconf 89' lang='lat' dir='ltr'>fidos</span> <span class='ocrx_word' id='word_1_7' title='bbox 266 661 441 729; x_wconf 86' lang='lat' dir='ltr'>magnaque</span> <span class='ocrx_word' id='word_1_8' title='bbox 469 643 643 726; x_wconf 88' lang='lat' dir='ltr'>prudentia,</span> <span class='ocrx_word' id='word_1_9' title='bbox 674 644 726 725; x_wconf 92' lang='lat' dir='ltr'>qui</span> <span class='ocrx_word' id='word_1_10' title='bbox 761 646 819 710; x_wconf 91' lang='lat' dir='ltr'>sub</span> <span class='ocrx_word' id='word_1_11' title='bbox 853 644 945 711; x_wconf 90' lang='lat' dir='ltr'>unius</span> <span class='ocrx_word' id='word_1_12' title='bbox 979 647 1143 730; x_wconf 75' lang='lat' dir='ltr'>qualitatis</span> <span class='ocrx_word' id='word_1_13' title='bbox 1177 648 1291 714; x_wconf 88' lang='lat' dir='ltr'>effectu</span> 
     </span>
     <span class='ocr_line' id='line_1_3' title="bbox 157 745 1291 831; baseline 0.009 -23"><span class='ocrx_word' id='word_1_14' title='bbox 157 746 300 827; x_wconf 82' lang='lat' dir='ltr'>geminae</span> <span class='ocrx_word' id='word_1_15' title='bbox 343 746 404 810; x_wconf 89' lang='lat' dir='ltr'>luit</span> <span class='ocrx_word' id='word_1_16' title='bbox 440 745 615 811; x_wconf 91' lang='lat' dir='ltr'>deuotionis</span> <span class='ocrx_word' id='word_1_17' title='bbox 654 746 809 812; x_wconf 88' lang='lat' dir='ltr'>officium:</span> <span class='ocrx_word' id='word_1_18' title='bbox 853 746 930 813; x_wconf 80' lang='lat' dir='ltr'>tides</span> <span class='ocrx_word' id='word_1_19' title='bbox 968 750 1049 831; x_wconf 87' lang='lat' dir='ltr'>quod</span> <span class='ocrx_word' id='word_1_20' title='bbox 1086 753 1125 816; x_wconf 89' lang='lat' dir='ltr'>ab</span> <span class='ocrx_word' id='word_1_21' title='bbox 1162 750 1220 817; x_wconf 91' lang='lat' dir='ltr'>hoc</span> <span class='ocrx_word' id='word_1_22' title='bbox 1257 772 1291 819; x_wconf 90' lang='lat' dir='ltr'>se</span> 
     </span>
     <span class='ocr_line' id='line_1_4' title="bbox 156 847 1290 935; baseline 0.009 -24"><span class='ocrx_word' id='word_1_23' title='bbox 156 848 347 913; x_wconf 87' lang='lat' dir='ltr'>mundatum</span> <span class='ocrx_word' id='word_1_24' title='bbox 369 847 503 913; x_wconf 89' lang='lat' dir='ltr'>credidit</span> <span class='ocrx_word' id='word_1_25' title='bbox 525 868 618 933; x_wconf 93' lang='lat' dir='ltr'>quem</span> <span class='ocrx_word' id='word_1_26' title='bbox 640 850 774 933; x_wconf 85' lang='lat' dir='ltr'>rogauit,</span> <span class='ocrx_word' id='word_1_27' title='bbox 797 850 964 933; x_wconf 88' lang='lat' dir='ltr'>prudentia</span> <span class='ocrx_word' id='word_1_28' title='bbox 982 854 1063 935; x_wconf 90' lang='lat' dir='ltr'>quod</span> <span class='ocrx_word' id='word_1_29' title='bbox 1079 856 1290 921; x_wconf 82' lang='lat' dir='ltr'>sacerdotibus</span> 
     </span>
     <span class='ocr_line' id='line_1_5' title="bbox 156 940 1291 1038; baseline 0.008 -24"><span class='ocrx_word' id='word_1_30' title='bbox 156 969 188 1015; x_wconf 92' lang='lat' dir='ltr'>se</span> <span class='ocrx_word' id='word_1_31' title='bbox 218 951 320 1015; x_wconf 88' lang='lat' dir='ltr'>iussus</span> <span class='ocrx_word' id='word_1_32' title='bbox 357 952 515 1016; x_wconf 81' lang='lat' dir='ltr'><strong>ostendere</strong></span> <span class='ocrx_word' id='word_1_33' title='bbox 549 954 654 1017; x_wconf 91' lang='lat' dir='ltr'>Iesum</span> <span class='ocrx_word' id='word_1_34' title='bbox 682 952 796 1017; x_wconf 89' lang='lat' dir='ltr'>maluit</span> <span class='ocrx_word' id='word_1_35' title='bbox 830 956 967 1019; x_wconf 89' lang='lat' dir='ltr'>adorare.</span> <span class='ocrx_word' id='word_1_36' title='bbox 1013 940 1081 1038; x_wconf 86' lang='lat' dir='ltr'>quis</span> <span class='ocrx_word' id='word_1_37' title='bbox 1116 958 1198 1021; x_wconf 92' lang='lat' dir='ltr'>enim</span> <span class='ocrx_word' id='word_1_38' title='bbox 1227 958 1291 1023; x_wconf 89' lang='lat' dir='ltr'>nisi</span> 
     </span>
    </p>

    <p class='ocr_par' dir='ltr' id='par_1_3' title="bbox 123 1053 1290 1554">
     <span class='ocr_line' id='line_1_6' title="bbox 123 1053 1290 1143; baseline 0.012 -30"><span class='ocrx_word' id='word_1_39' title='bbox 123 1074 138 1113; x_wconf 82' lang='lat' dir='ltr'>s</span> <span class='ocrx_word' id='word_1_40' title='bbox 156 1055 312 1119; x_wconf 84' lang='lat' dir='ltr'>Dominus</span> <span class='ocrx_word' id='word_1_41' title='bbox 327 1053 470 1119; x_wconf 80' lang='lat' dir='ltr'>Christus</span> <span class='ocrx_word' id='word_1_42' title='bbox 485 1056 623 1139; x_wconf 74' lang='lat' dir='ltr'><strong>pontifex</strong></span> <span class='ocrx_word' id='word_1_43' title='bbox 637 1057 829 1139; x_wconf 87' lang='lat' dir='ltr'>pontificum,</span> <span class='ocrx_word' id='word_1_44' title='bbox 847 1058 988 1123; x_wconf 79' lang='lat' dir='ltr'><strong>sacerdos</strong></span> <span class='ocrx_word' id='word_1_45' title='bbox 1006 1061 1054 1123; x_wconf 90' lang='lat' dir='ltr'>est</span> <span class='ocrx_word' id='word_1_46' title='bbox 1070 1059 1290 1143; x_wconf 75' lang='lat' dir='ltr'>sacerdotum?</span> 
     </span>
     <span class='ocr_line' id='line_1_7' title="bbox 156 1156 1290 1242; baseline 0.006 -21"><span class='ocrx_word' id='word_1_47' title='bbox 156 1158 276 1242; x_wconf 78' lang='lat' dir='ltr'>gemini</span> <span class='ocrx_word' id='word_1_48' title='bbox 305 1156 467 1222; x_wconf 81' lang='lat' dir='ltr'>libaminis</span> <span class='ocrx_word' id='word_1_49' title='bbox 498 1161 606 1223; x_wconf 87' lang='lat' dir='ltr'>auctor</span> <span class='ocrx_word' id='word_1_50' title='bbox 633 1161 665 1223; x_wconf 91' lang='lat' dir='ltr'>et</span> <span class='ocrx_word' id='word_1_51' title='bbox 695 1159 846 1238; x_wconf 89' lang='lat' dir='ltr'>conditor,</span> <span class='ocrx_word' id='word_1_52' title='bbox 877 1164 927 1225; x_wconf 88' lang='lat' dir='ltr'>eui</span> <span class='ocrx_word' id='word_1_53' title='bbox 956 1161 1127 1227; x_wconf 88' lang='lat' dir='ltr'>secundum</span> <span class='ocrx_word' id='word_1_54' title='bbox 1150 1164 1290 1228; x_wconf 80' lang='lat' dir='ltr'>ordinem</span> 
     </span>
     <span class='ocr_line' id='line_1_8' title="bbox 157 1261 1290 1345; baseline 0.004 -19"><span class='ocrx_word' id='word_1_55' title='bbox 157 1261 387 1327; x_wconf 75' lang='lat' dir='ltr'>Melchisedech</span> <span class='ocrx_word' id='word_1_56' title='bbox 409 1279 548 1337; x_wconf 87' lang='lat' dir='ltr'>munera,</span> <span class='ocrx_word' id='word_1_57' title='bbox 580 1266 668 1345; x_wconf 80' lang='lat' dir='ltr'>quae</span> <span class='ocrx_word' id='word_1_58' title='bbox 685 1282 739 1345; x_wconf 89' lang='lat' dir='ltr'>pro</span> <span class='ocrx_word' id='word_1_59' title='bbox 767 1262 858 1328; x_wconf 88' lang='lat' dir='ltr'>nobis</span> <span class='ocrx_word' id='word_1_60' title='bbox 889 1262 1005 1329; x_wconf 91' lang='lat' dir='ltr'>obtulit</span> <span class='ocrx_word' id='word_1_61' title='bbox 1035 1265 1209 1344; x_wconf 81' lang='lat' dir='ltr'>crucifixus,</span> <span class='ocrx_word' id='word_1_62' title='bbox 1240 1267 1290 1331; x_wconf 90' lang='lat' dir='ltr'>sui</span> 
     </span>
     <span class='ocr_line' id='line_1_9' title="bbox 157 1365 1290 1452; baseline 0.003 -20"><span class='ocrx_word' id='word_1_63' title='bbox 157 1368 293 1451; x_wconf 89' lang='lat' dir='ltr'>corporis</span> <span class='ocrx_word' id='word_1_64' title='bbox 317 1366 350 1430; x_wconf 91' lang='lat' dir='ltr'>et</span> <span class='ocrx_word' id='word_1_65' title='bbox 372 1365 533 1450; x_wconf 80' lang='lat' dir='ltr'>sanguinis</span> <span class='ocrx_word' id='word_1_66' title='bbox 556 1366 745 1431; x_wconf 88' lang='lat' dir='ltr'>offeruntur:</span> <span class='ocrx_word' id='word_1_67' title='bbox 768 1368 912 1432; x_wconf 78' lang='lat' dir='ltr'>triticeae</span> <span class='ocrx_word' id='word_1_68' title='bbox 935 1369 1050 1452; x_wconf 88' lang='lat' dir='ltr'>segetis</span> <span class='ocrx_word' id='word_1_69' title='bbox 1073 1370 1162 1434; x_wconf 89' lang='lat' dir='ltr'>cibus</span> <span class='ocrx_word' id='word_1_70' title='bbox 1183 1370 1290 1435; x_wconf 90' lang='lat' dir='ltr'>suauis</span> 
     </span>
     <span class='ocr_line' id='line_1_10' title="bbox 156 1470 750 1554; baseline 0 -19"><span class='ocrx_word' id='word_1_71' title='bbox 156 1475 189 1535; x_wconf 87' lang='lat' dir='ltr'>et</span> <span class='ocrx_word' id='word_1_72' title='bbox 212 1490 359 1537; x_wconf 87' lang='lat' dir='ltr'>amoenae</span> <span class='ocrx_word' id='word_1_73' title='bbox 381 1470 456 1535; x_wconf 90' lang='lat' dir='ltr'>uitis</span> <span class='ocrx_word' id='word_1_74' title='bbox 478 1473 569 1554; x_wconf 88' lang='lat' dir='ltr'>potus</span> <span class='ocrx_word' id='word_1_75' title='bbox 596 1471 750 1536; x_wconf 86' lang='lat' dir='ltr'>amabilis.</span> 
     </span>
    </p>
   </div>
   <div class='ocr_carea' id='block_1_3' title="bbox 120 1589 1341 2606">
    <p class='ocr_par' dir='ltr' id='par_1_4' title="bbox 120 1589 1341 2090">
     <span class='ocr_line' id='line_1_11' title="bbox 120 1589 1341 1662; baseline 0.011 -13"><span class='ocrx_word' id='word_1_76' title='bbox 120 1610 149 1649; x_wconf 79' lang='grc' dir='ltr'>ιο</span> <span class='ocrx_word' id='word_1_77' title='bbox 201 1589 280 1656; x_wconf 79' lang='lat' dir='ltr'>(tum</span> <span class='ocrx_word' id='word_1_78' title='bbox 303 1608 375 1656; x_wconf 89' lang='lat' dir='ltr'>uero</span> <span class='ocrx_word' id='word_1_79' title='bbox 398 1592 500 1657; x_wconf 78' lang='lat' dir='ltr'>Timei</span> <span class='ocrx_word' id='word_1_80' title='bbox 522 1590 607 1655; x_wconf 89' lang='lat' dir='ltr'>filius</span> <span class='ocrx_word' id='word_1_81' title='bbox 633 1590 721 1656; x_wconf 85' lang='lat' dir='ltr'>iuxta</span> <span class='ocrx_word' id='word_1_82' title='bbox 747 1592 833 1655; x_wconf 89' lang='lat' dir='ltr'>uiam</span> <span class='ocrx_word' id='word_1_83' title='bbox 861 1592 1024 1657; x_wconf 85' lang='lat' dir='ltr'>fraudatus</span> <span class='ocrx_word' id='word_1_84' title='bbox 1039 1592 1158 1657; x_wconf 91' lang='lat' dir='ltr'>lumine</span> <span class='ocrx_word' id='word_1_85' title='bbox 1174 1594 1289 1659; x_wconf 89' lang='lat' dir='ltr'>reside·</span> <span class='ocrx_word' id='word_1_86' title='bbox 1304 1600 1341 1662; x_wconf 82' lang='lat' dir='ltr'>ll</span> 
     </span>
     <span class='ocr_line' id='line_1_12' title="bbox 156 1686 1290 1779; baseline 0.002 -20"><span class='ocrx_word' id='word_1_87' title='bbox 156 1698 217 1770; x_wconf 89' lang='lat' dir='ltr'>ret,</span> <span class='ocrx_word' id='word_1_88' title='bbox 241 1714 302 1777; x_wconf 92' lang='lat' dir='ltr'>qua</span> <span class='ocrx_word' id='word_1_89' title='bbox 321 1694 486 1774; x_wconf 77' lang='lat' dir='ltr'>Christum</span> <span class='ocrx_word' id='word_1_90' title='bbox 508 1686 696 1778; x_wconf 82' lang='lat' dir='ltr'>cognouerat</span> <span class='ocrx_word' id='word_1_91' title='bbox 712 1696 915 1774; x_wconf 84' lang='lat' dir='ltr'>transmeare,</span> <span class='ocrx_word' id='word_1_92' title='bbox 932 1694 1101 1779; x_wconf 90' lang='lat' dir='ltr'>crebroque</span> <span class='ocrx_word' id='word_1_93' title='bbox 1116 1696 1290 1762; x_wconf 86' lang='lat' dir='ltr'>uociferans</span> 
     </span>
     <span class='ocr_line' id='line_1_13' title="bbox 157 1798 1289 1880; baseline 0.003 -18"><span class='ocrx_word' id='word_1_94' title='bbox 157 1817 231 1862; x_wconf 91' lang='lat' dir='ltr'>cum</span> <span class='ocrx_word' id='word_1_95' title='bbox 264 1798 398 1862; x_wconf 86' lang='lat' dir='ltr'>clamore</span> <span class='ocrx_word' id='word_1_96' title='bbox 434 1816 490 1863; x_wconf 90' lang='lat' dir='ltr'>nec</span> <span class='ocrx_word' id='word_1_97' title='bbox 527 1798 650 1880; x_wconf 90' lang='lat' dir='ltr'>populis</span> <span class='ocrx_word' id='word_1_98' title='bbox 687 1798 867 1865; x_wconf 89' lang='lat' dir='ltr'>notantibus</span> <span class='ocrx_word' id='word_1_99' title='bbox 903 1798 1113 1865; x_wconf 86' lang='lat' dir='ltr'>conticescens</span> <span class='ocrx_word' id='word_1_100' title='bbox 1147 1802 1289 1867; x_wconf 89' lang='lat' dir='ltr'>oculatae</span> 
     </span>
     <span class='ocr_line' id='line_1_14' title="bbox 157 1894 1293 1987; baseline 0.002 -22"><span class='ocrx_word' id='word_1_101' title='bbox 157 1902 218 1966; x_wconf 90' lang='lat' dir='ltr'>sibi</span> <span class='ocrx_word' id='word_1_102' title='bbox 247 1901 344 1968; x_wconf 89' lang='lat' dir='ltr'>tribui</span> <span class='ocrx_word' id='word_1_103' title='bbox 372 1903 494 1984; x_wconf 85' lang='lat' dir='ltr'>copiam</span> <span class='ocrx_word' id='word_1_104' title='bbox 523 1902 676 1967; x_wconf 90' lang='lat' dir='ltr'>claritatis</span> <span class='ocrx_word' id='word_1_105' title='bbox 705 1902 807 1985; x_wconf 82' lang='lat' dir='ltr'>magis</span> <span class='ocrx_word' id='word_1_106' title='bbox 839 1920 874 1967; x_wconf 90' lang='lat' dir='ltr'>ae</span> <span class='ocrx_word' id='word_1_107' title='bbox 904 1903 1006 1986; x_wconf 85' lang='lat' dir='ltr'>magis</span> <span class='ocrx_word' id='word_1_108' title='bbox 1033 1904 1215 1987; x_wconf 86' lang='lat' dir='ltr'>postularet,</span> <span class='ocrx_word' id='word_1_109' title='bbox 1250 1894 1293 1969; x_wconf 88' lang='lat' dir='ltr'>ad</span> 
     </span>
     <span class='ocr_line' id='line_1_15' title="bbox 157 2002 1290 2090; baseline 0.004 -23"><span class='ocrx_word' id='word_1_110' title='bbox 157 2002 329 2069; x_wconf 88' lang='lat' dir='ltr'>Dominum</span> <span class='ocrx_word' id='word_1_111' title='bbox 352 2006 458 2070; x_wconf 82' lang='lat' dir='ltr'>neuim</span> <span class='ocrx_word' id='word_1_112' title='bbox 488 2004 590 2069; x_wconf 90' lang='lat' dir='ltr'>iussus</span> <span class='ocrx_word' id='word_1_113' title='bbox 619 2005 721 2069; x_wconf 88' lang='lat' dir='ltr'>aliena</span> <span class='ocrx_word' id='word_1_114' title='bbox 743 2024 840 2070; x_wconf 91' lang='lat' dir='ltr'>manu</span> <span class='ocrx_word' id='word_1_115' title='bbox 862 2004 1000 2089; x_wconf 83' lang='lat' dir='ltr'>perrexit</span> <span class='ocrx_word' id='word_1_116' title='bbox 1023 2011 1054 2071; x_wconf 90' lang='lat' dir='ltr'>ot</span> <span class='ocrx_word' id='word_1_117' title='bbox 1078 2007 1143 2071; x_wconf 90' lang='lat' dir='ltr'>uoti</span> <span class='ocrx_word' id='word_1_118' title='bbox 1166 2024 1290 2090; x_wconf 89' lang='lat' dir='ltr'>compos</span> 
     </span>
    </p>

    <p class='ocr_par' dir='ltr' id='par_1_5' title="bbox 121 2105 1293 2606">
     <span class='ocr_line' id='line_1_16' title="bbox 121 2105 1293 2191; baseline 0.006 -24"><span class='ocrx_word' id='word_1_119' title='bbox 121 2128 148 2167; x_wconf 77' lang='lat' dir='ltr'>rs</span> <span class='ocrx_word' id='word_1_120' title='bbox 158 2110 280 2191; x_wconf 84' lang='lat' dir='ltr'>accepti</span> <span class='ocrx_word' id='word_1_121' title='bbox 307 2105 393 2175; x_wconf 90' lang='lat' dir='ltr'>nullo</span> <span class='ocrx_word' id='word_1_122' title='bbox 422 2108 522 2174; x_wconf 91' lang='lat' dir='ltr'>fultus</span> <span class='ocrx_word' id='word_1_123' title='bbox 551 2110 629 2174; x_wconf 91' lang='lat' dir='ltr'>duco</span> <span class='ocrx_word' id='word_1_124' title='bbox 651 2110 813 2174; x_wconf 89' lang='lat' dir='ltr'>remeauit.</span> <span class='ocrx_word' id='word_1_125' title='bbox 855 2128 871 2173; x_wconf 93' lang='grc' dir='ltr'><strong>ο</strong></span> <span class='ocrx_word' id='word_1_126' title='bbox 900 2109 1105 2177; x_wconf 88' lang='lat' dir='ltr'>confidentiae</span> <span class='ocrx_word' id='word_1_127' title='bbox 1124 2110 1225 2175; x_wconf 89' lang='lat' dir='ltr'>uirtus</span> <span class='ocrx_word' id='word_1_128' title='bbox 1243 2110 1293 2174; x_wconf 91' lang='lat' dir='ltr'>in·</span> 
     </span>
     <span class='ocr_line' id='line_1_17' title="bbox 157 2211 1292 2298; baseline 0 -21"><span class='ocrx_word' id='word_1_129' title='bbox 157 2212 294 2277; x_wconf 85' lang='lat' dir='ltr'>fractae!</span> <span class='ocrx_word' id='word_1_130' title='bbox 319 2231 412 2296; x_wconf 92' lang='lat' dir='ltr'>quam</span> <span class='ocrx_word' id='word_1_131' title='bbox 434 2212 587 2277; x_wconf 88' lang='lat' dir='ltr'>uiolenter</span> <span class='ocrx_word' id='word_1_132' title='bbox 609 2211 760 2295; x_wconf 88' lang='lat' dir='ltr'>impetras</span> <span class='ocrx_word' id='word_1_133' title='bbox 783 2215 865 2294; x_wconf 89' lang='lat' dir='ltr'>quod</span> <span class='ocrx_word' id='word_1_134' title='bbox 888 2214 1015 2298; x_wconf 89' lang='lat' dir='ltr'>optaris,</span> <span class='ocrx_word' id='word_1_135' title='bbox 1043 2215 1074 2279; x_wconf 93' lang='lat' dir='ltr'>et</span> <span class='ocrx_word' id='word_1_136' title='bbox 1095 2213 1232 2278; x_wconf 89' lang='lat' dir='ltr'>adsiduis</span> <span class='ocrx_word' id='word_1_137' title='bbox 1256 2232 1292 2278; x_wconf 85' lang='lat' dir='ltr'>ex</span> 
     </span>
     <span class='ocr_line' id='line_1_18' title="bbox 157 2312 1291 2400; baseline 0.004 -21"><span class='ocrx_word' id='word_1_138' title='bbox 157 2312 250 2379; x_wconf 86' lang='lat' dir='ltr'>eorde</span> <span class='ocrx_word' id='word_1_139' title='bbox 286 2314 431 2397; x_wconf 90' lang='lat' dir='ltr'>precibus</span> <span class='ocrx_word' id='word_1_140' title='bbox 468 2316 664 2398; x_wconf 86' lang='lat' dir='ltr'>congregatis</span> <span class='ocrx_word' id='word_1_141' title='bbox 697 2315 860 2397; x_wconf 91' lang='lat' dir='ltr'>tamquam</span> <span class='ocrx_word' id='word_1_142' title='bbox 895 2314 1037 2381; x_wconf 90' lang='lat' dir='ltr'>debitum</span> <span class='ocrx_word' id='word_1_143' title='bbox 1070 2318 1182 2400; x_wconf 84' lang='lat' dir='ltr'>erigas,</span> <span class='ocrx_word' id='word_1_144' title='bbox 1211 2336 1291 2399; x_wconf 89' lang='lat' dir='ltr'>quae</span> 
     </span>
     <span class='ocr_line' id='line_1_19' title="bbox 156 2417 1290 2502; baseline 0.002 -19"><span class='ocrx_word' id='word_1_145' title='bbox 156 2418 296 2501; x_wconf 77' lang='lat' dir='ltr'>postulas</span> <span class='ocrx_word' id='word_1_146' title='bbox 319 2419 365 2483; x_wconf 90' lang='lat' dir='ltr'>sic</span> <span class='ocrx_word' id='word_1_147' title='bbox 387 2418 533 2483; x_wconf 89' lang='lat' dir='ltr'>mereris!</span> <span class='ocrx_word' id='word_1_148' title='bbox 558 2417 706 2501; x_wconf 90' lang='lat' dir='ltr'>quicquid</span> <span class='ocrx_word' id='word_1_149' title='bbox 729 2417 814 2482; x_wconf 92' lang='lat' dir='ltr'>enim</span> <span class='ocrx_word' id='word_1_150' title='bbox 836 2437 892 2501; x_wconf 90' lang='lat' dir='ltr'>pro</span> <span class='ocrx_word' id='word_1_151' title='bbox 915 2419 1069 2502; x_wconf 90' lang='lat' dir='ltr'>qualitate</span> <span class='ocrx_word' id='word_1_152' title='bbox 1091 2420 1213 2486; x_wconf 85' lang='lat' dir='ltr'>difficili</span> <span class='ocrx_word' id='word_1_153' title='bbox 1239 2438 1290 2485; x_wconf 90' lang='lat' dir='ltr'>res</span> 
     </span>
     <span class='ocr_line' id='line_1_20' title="bbox 158 2518 1290 2606; baseline 0.003 -20"><span class='ocrx_word' id='word_1_154' title='bbox 158 2521 265 2586; x_wconf 91' lang='lat' dir='ltr'>durior</span> <span class='ocrx_word' id='word_1_155' title='bbox 297 2522 472 2606; x_wconf 85' lang='lat' dir='ltr'>abnegarit,</span> <span class='ocrx_word' id='word_1_156' title='bbox 504 2520 570 2585; x_wconf 91' lang='lat' dir='ltr'>sola</span> <span class='ocrx_word' id='word_1_157' title='bbox 602 2520 686 2585; x_wconf 90' lang='lat' dir='ltr'>uotis</span> <span class='ocrx_word' id='word_1_158' title='bbox 719 2518 916 2603; x_wconf 90' lang='lat' dir='ltr'>simplicibus</span> <span class='ocrx_word' id='word_1_159' title='bbox 950 2523 982 2587; x_wconf 89' lang='lat' dir='ltr'>et</span> <span class='ocrx_word' id='word_1_160' title='bbox 1018 2522 1155 2588; x_wconf 89' lang='lat' dir='ltr'>honestis</span> <span class='ocrx_word' id='word_1_161' title='bbox 1190 2522 1290 2591; x_wconf 86' lang='lat' dir='ltr'>oratic</span> 
     </span>
    </p>
   </div>
   <div class='ocr_carea' id='block_1_4' title="bbox 156 2783 1294 3223">
    <p class='ocr_par' dir='ltr' id='par_1_6' title="bbox 156 2783 1294 3223">
     <span class='ocr_line' id='line_1_21' title="bbox 210 2783 1291 2882; baseline 0.004 -18"><span class='ocrx_word' id='word_1_162' title='bbox 210 2810 352 2880; x_wconf 85' lang='lat' dir='ltr'>lquieP</span> <span class='ocrx_word' id='word_1_163' title='bbox 431 2810 541 2865; x_wconf 80' lang='lat' dir='ltr'>affectm</span> <span class='ocrx_word' id='word_1_164' title='bbox 558 2810 592 2864; x_wconf 89' lang='grc' dir='ltr'><strong>Η</strong></span> <span class='ocrx_word' id='word_1_165' title='bbox 674 2810 815 2880; x_wconf 75' lang='lat' dir='ltr'>2gemma</span> <span class='ocrx_word' id='word_1_166' title='bbox 832 2783 903 2865; x_wconf 76' lang='lat' dir='ltr'>olibo</span> <span class='ocrx_word' id='word_1_167' title='bbox 921 2810 949 2865; x_wconf 95' lang='lat' dir='ltr'><strong><em>P</em></strong></span> <span class='ocrx_word' id='word_1_168' title='bbox 1025 2811 1130 2882; x_wconf 81' lang='lat' dir='ltr'>gemine</span> <span class='ocrx_word' id='word_1_169' title='bbox 1148 2813 1190 2867; x_wconf 73' lang='grc' dir='ltr'>Η1</span> <span class='ocrx_word' id='word_1_170' title='bbox 1210 2816 1291 2879; x_wconf 81' lang='lat' dir='ltr'>(cerr.</span> 
     </span>
     <span class='ocr_line' id='line_1_22' title="bbox 156 2892 1294 2966; baseline 0 -15"><span class='ocrx_word' id='word_1_171' title='bbox 156 2910 192 2952; x_wconf 82' lang='lat' dir='ltr'>m.</span> <span class='ocrx_word' id='word_1_172' title='bbox 210 2897 241 2965; x_wconf 78' lang='lat'>2)</span> <span class='ocrx_word' id='word_1_173' title='bbox 260 2896 302 2963; x_wconf 91' lang='lat' dir='ltr'>B,</span> <span class='ocrx_word' id='word_1_174' title='bbox 330 2896 471 2965; x_wconf 58' lang='lat' dir='ltr'>murinae</span> <span class='ocrx_word' id='word_1_175' title='bbox 565 2895 741 2950; x_wconf 77' lang='lat' dir='ltr'>donationes</span> <span class='ocrx_word' id='word_1_176' title='bbox 835 2892 906 2951; x_wconf 86' lang='lat' dir='ltr'>cbo</span> <span class='ocrx_word' id='word_1_177' title='bbox 1003 2896 1134 2966; x_wconf 77' lang='lat' dir='ltr'>aquae</span> <span class='ocrx_word' id='word_1_178' title='bbox 1230 2898 1294 2952; x_wconf 76' lang='lat' dir='ltr'>bet</span> 
     </span>
     <span class='ocr_line' id='line_1_23' title="bbox 157 2980 1222 3051; baseline 0.001 -15"><span class='ocrx_word' id='word_1_179' title='bbox 157 2981 193 3049; x_wconf 92' lang='lat' dir='ltr'>P,</span> <span class='ocrx_word' id='word_1_180' title='bbox 223 2997 274 3037; x_wconf 88' lang='lat' dir='ltr'>om.</span> <span class='ocrx_word' id='word_1_181' title='bbox 291 2982 374 3037; x_wconf 85' lang='lat' dir='ltr'>HBe</span> <span class='ocrx_word' id='word_1_182' title='bbox 459 2981 596 3051; x_wconf 80' lang='lat' dir='ltr'>ligamini</span> <span class='ocrx_word' id='word_1_183' title='bbox 613 2980 779 3050; x_wconf 76' lang='lat' dir='ltr'>(geminem.</span> <span class='ocrx_word' id='word_1_184' title='bbox 792 2984 819 3046; x_wconf 83' lang='lat'>2)</span> <span class='ocrx_word' id='word_1_185' title='bbox 838 2981 980 3037; x_wconf 88' lang='lat' dir='ltr'>libationis</span> <span class='ocrx_word' id='word_1_186' title='bbox 997 2982 1032 3036; x_wconf 88' lang='lat' dir='ltr'><strong><em>H</em></strong></span> <span class='ocrx_word' id='word_1_187' title='bbox 1114 2984 1222 3037; x_wconf 85' lang='lat' dir='ltr'>cuiuso</span> 
     </span>
     <span class='ocr_line' id='line_1_24' title="bbox 158 3066 1292 3149; baseline 0.002 -26"><span class='ocrx_word' id='word_1_188' title='bbox 158 3068 244 3137; x_wconf 78' lang='lat' dir='ltr'>‘tque</span> <span class='ocrx_word' id='word_1_189' title='bbox 262 3066 305 3121; x_wconf 88' lang='grc' dir='ltr'>Ηι</span> <span class='ocrx_word' id='word_1_190' title='bbox 323 3070 403 3134; x_wconf 81' lang='lat' dir='ltr'>(corr.</span> <span class='ocrx_word' id='word_1_191' title='bbox 421 3084 455 3121; x_wconf 87' lang='lat' dir='ltr'>m.</span> <span class='ocrx_word' id='word_1_192' title='bbox 473 3070 504 3134; x_wconf 76' lang='lat'>2)</span> <span class='ocrx_word' id='word_1_193' title='bbox 608 3068 661 3137; x_wconf 77' lang='lat' dir='ltr'>sni]</span> <span class='ocrx_word' id='word_1_194' title='bbox 681 3084 699 3121; x_wconf 87' lang='lat' dir='ltr'>u</span> <span class='ocrx_word' id='word_1_195' title='bbox 716 3085 738 3149; x_wconf 53' lang='lat' dir='ltr'>ss</span> <span class='ocrx_word' id='word_1_196' title='bbox 755 3069 773 3125; x_wconf 85' lang='lat' dir='ltr'>l.</span> <span class='ocrx_word' id='word_1_197' title='bbox 790 3085 825 3122; x_wconf 89' lang='lat' dir='ltr'>m.</span> <span class='ocrx_word' id='word_1_198' title='bbox 843 3072 861 3123; x_wconf 76' lang='lat'><strong><em>2</em></strong></span> <span class='ocrx_word' id='word_1_199' title='bbox 879 3068 914 3122; x_wconf 85' lang='grc' dir='ltr'><em>Η</em></span> <span class='ocrx_word' id='word_1_200' title='bbox 1013 3070 1237 3137; x_wconf 73' lang='lat' dir='ltr'>decusanguiuis</span> <span class='ocrx_word' id='word_1_201' title='bbox 1255 3072 1292 3136; x_wconf 92' lang='lat' dir='ltr'>B,</span> 
     </span>
     <span class='ocr_line' id='line_1_25' title="bbox 157 3154 1224 3223; baseline 0.002 -15"><span class='ocrx_word' id='word_1_202' title='bbox 157 3154 394 3223; x_wconf 85' lang='lat' dir='ltr'>consanguinitate</span> <span class='ocrx_word' id='word_1_203' title='bbox 420 3171 438 3209; x_wconf 83' lang='lat' dir='ltr'><strong><em>v</em></strong></span> <span class='ocrx_word' id='word_1_204' title='bbox 487 3162 490 3168; x_wconf 82' lang='grc'>’</span> <span class='ocrx_word' id='word_1_205' title='bbox 539 3154 706 3208; x_wconf 87' lang='lat' dir='ltr'>turorititiae</span> <span class='ocrx_word' id='word_1_206' title='bbox 733 3154 767 3219; x_wconf 90' lang='lat' dir='ltr'>P,</span> <span class='ocrx_word' id='word_1_207' title='bbox 796 3154 895 3208; x_wconf 80' lang='lat' dir='ltr'>triticae</span> <span class='ocrx_word' id='word_1_208' title='bbox 922 3155 950 3208; x_wconf 93' lang='lat' dir='ltr'><strong><em>B</em></strong></span> <span class='ocrx_word' id='word_1_209' title='bbox 1053 3156 1181 3209; x_wconf 75' lang='lat' dir='ltr'>sementis</span> <span class='ocrx_word' id='word_1_210' title='bbox 1207 3173 1224 3212; x_wconf 86' lang='lat' dir='ltr'>c</span> 
     </span>
    </p>
   </div>
   <div class='ocr_carea' id='block_1_5' title="bbox 155 3240 1293 3654">
    <p class='ocr_par' dir='ltr' id='par_1_7' title="bbox 155 3240 1293 3654">
     <span class='ocr_line' id='line_1_26' title="bbox 155 3240 1228 3341; baseline 0.002 -30"><span class='ocrx_word' id='word_1_211' title='bbox 155 3257 174 3311; x_wconf 83' lang='grc'><strong>9</strong></span> <span class='ocrx_word' id='word_1_212' title='bbox 193 3256 392 3323; x_wconf 77' lang='lat' dir='ltr'>amoeneP131,</span> <span class='ocrx_word' id='word_1_213' title='bbox 420 3240 557 3341; x_wconf 67' lang='lat' dir='ltr'>ammqene</span> <span class='ocrx_word' id='word_1_214' title='bbox 574 3258 616 3311; x_wconf 84' lang='grc' dir='ltr'>Η1</span> <span class='ocrx_word' id='word_1_215' title='bbox 636 3259 757 3327; x_wconf 71' lang='lat' dir='ltr'>(amoene,</span> <span class='ocrx_word' id='word_1_216' title='bbox 768 3274 839 3313; x_wconf 82' lang='lat' dir='ltr'>corr.</span> <span class='ocrx_word' id='word_1_217' title='bbox 852 3275 886 3315; x_wconf 84' lang='lat' dir='ltr'>m.</span> <span class='ocrx_word' id='word_1_218' title='bbox 899 3260 927 3327; x_wconf 81' lang='lat'>2)</span> <span class='ocrx_word' id='word_1_219' title='bbox 986 3260 1032 3319; x_wconf 77' lang='lat' dir='ltr'>,et</span> <span class='ocrx_word' id='word_1_220' title='bbox 1050 3258 1174 3313; x_wconf 84' lang='lat' dir='ltr'>amabilis</span> <span class='ocrx_word' id='word_1_221' title='bbox 1193 3260 1228 3313; x_wconf 90' lang='grc' dir='ltr'><strong><em>Η</em></strong></span> 
     </span>
     <span class='ocr_line' id='line_1_27' title="bbox 158 3357 1293 3429; baseline 0.004 -17"><span class='ocrx_word' id='word_1_222' title='bbox 158 3360 193 3413; x_wconf 90' lang='grc'>10</span> <span class='ocrx_word' id='word_1_223' title='bbox 210 3376 247 3414; x_wconf 78' lang='lat' dir='ltr'>un</span> <span class='ocrx_word' id='word_1_224' title='bbox 265 3373 354 3415; x_wconf 73' lang='lat' dir='ltr'>cnseo</span> <span class='ocrx_word' id='word_1_225' title='bbox 372 3374 463 3415; x_wconf 75' lang='lat' dir='ltr'>urum</span> <span class='ocrx_word' id='word_1_226' title='bbox 479 3373 556 3415; x_wconf 81' lang='lat' dir='ltr'>rme</span> <span class='ocrx_word' id='word_1_227' title='bbox 573 3357 647 3426; x_wconf 83' lang='lat' dir='ltr'>RH,</span> <span class='ocrx_word' id='word_1_228' title='bbox 683 3374 773 3414; x_wconf 79' lang='lat' dir='ltr'>caeam</span> <span class='ocrx_word' id='word_1_229' title='bbox 792 3364 937 3415; x_wconf 80' lang='lat' dir='ltr'>curatura</span> <span class='ocrx_word' id='word_1_230' title='bbox 1036 3364 1235 3417; x_wconf 77' lang='lat' dir='ltr'>acroamata</span> <span class='ocrx_word' id='word_1_231' title='bbox 1253 3357 1293 3429; x_wconf 82' lang='grc' dir='ltr'>Η,</span> 
     </span>
     <span class='ocr_line' id='line_1_28' title="bbox 156 3446 1223 3517; baseline 0.002 -16"><span class='ocrx_word' id='word_1_232' title='bbox 156 3462 210 3507; x_wconf 83' lang='lat' dir='ltr'>om.</span> <span class='ocrx_word' id='word_1_233' title='bbox 227 3462 259 3511; x_wconf 77' lang='grc' dir='ltr'>υς</span> <span class='ocrx_word' id='word_1_234' title='bbox 286 3461 398 3515; x_wconf 84' lang='lat' dir='ltr'>cumque</span> <span class='ocrx_word' id='word_1_235' title='bbox 415 3446 443 3499; x_wconf 93' lang='lat' dir='ltr'><strong><em>B</em></strong></span> <span class='ocrx_word' id='word_1_236' title='bbox 535 3447 620 3517; x_wconf 74' lang='lat' dir='ltr'>tyrnei</span> <span class='ocrx_word' id='word_1_237' title='bbox 631 3447 667 3511; x_wconf 87' lang='lat' dir='ltr'>R,</span> <span class='ocrx_word' id='word_1_238' title='bbox 692 3446 784 3501; x_wconf 78' lang='lat' dir='ltr'>omme</span> <span class='ocrx_word' id='word_1_239' title='bbox 796 3446 833 3514; x_wconf 90' lang='lat' dir='ltr'>B,</span> <span class='ocrx_word' id='word_1_240' title='bbox 860 3446 973 3501; x_wconf 81' lang='lat' dir='ltr'>Thimea</span> <span class='ocrx_word' id='word_1_241' title='bbox 990 3447 1044 3501; x_wconf 79' lang='lat' dir='ltr'>coc.</span> <span class='ocrx_word' id='word_1_242' title='bbox 1057 3448 1127 3503; x_wconf 77' lang='lat' dir='ltr'>Par.</span> <span class='ocrx_word' id='word_1_243' title='bbox 1141 3451 1223 3503; x_wconf 82' lang='lat' dir='ltr'>Arce.</span> 
     </span>
     <span class='ocr_line' id='line_1_29' title="bbox 157 3541 1291 3654; baseline 0.002 -33"><span class='ocrx_word' id='word_1_244' title='bbox 157 3568 274 3621; x_wconf 85' lang='lat' dir='ltr'>residere</span> <span class='ocrx_word' id='word_1_245' title='bbox 297 3568 325 3621; x_wconf 87' lang='lat' dir='ltr'><strong><em>P</em></strong></span> <span class='ocrx_word' id='word_1_246' title='bbox 440 3568 471 3621; x_wconf 89' lang='lat'>11</span> <span class='ocrx_word' id='word_1_247' title='bbox 499 3568 564 3636; x_wconf 83' lang='lat' dir='ltr'>quie</span> <span class='ocrx_word' id='word_1_248' title='bbox 589 3566 652 3623; x_wconf 85' lang='lat' dir='ltr'>RH</span> <span class='ocrx_word' id='word_1_249' title='bbox 671 3568 707 3635; x_wconf 72' lang='lat' dir='ltr'>ef.</span> <span class='ocrx_word' id='word_1_250' title='bbox 725 3584 750 3623; x_wconf 83' lang='lat' dir='ltr'>o.</span> <span class='ocrx_word' id='word_1_251' title='bbox 768 3570 822 3622; x_wconf 73' lang='lat'>211</span> <span class='ocrx_word' id='word_1_252' title='bbox 936 3541 1093 3654; x_wconf 66' lang='lat' dir='ltr'>cognouerit</span> <span class='ocrx_word' id='word_1_253' title='bbox 1111 3572 1138 3637; x_wconf 85' lang='lat' dir='ltr'>(a</span> <span class='ocrx_word' id='word_1_254' title='bbox 1155 3584 1174 3623; x_wconf 85' lang='lat' dir='ltr'>c</span> <span class='ocrx_word' id='word_1_255' title='bbox 1190 3586 1226 3623; x_wconf 88' lang='lat' dir='ltr'>m.</span> <span class='ocrx_word' id='word_1_256' title='bbox 1244 3568 1291 3634; x_wconf 81' lang='lat' dir='ltr'>al.)</span> 
     </span>
    </p>
   </div>
   <div class='ocr_carea' id='block_1_6' title="bbox 156 3660 1295 4257">
    <p class='ocr_par' dir='ltr' id='par_1_8' title="bbox 156 3660 1295 4257">
     <span class='ocr_line' id='line_1_30' title="bbox 156 3660 1293 3754; baseline -0.002 -12"><span class='ocrx_word' id='word_1_257' title='bbox 156 3689 186 3743; x_wconf 91' lang='lat' dir='ltr'><em>B</em></span> <span class='ocrx_word' id='word_1_258' title='bbox 292 3688 325 3741; x_wconf 83' lang='lat' dir='ltr'>la</span> <span class='ocrx_word' id='word_1_259' title='bbox 349 3660 501 3741; x_wconf 78' lang='lat' dir='ltr'>uitantibus</span> <span class='ocrx_word' id='word_1_260' title='bbox 519 3688 544 3753; x_wconf 87' lang='lat' dir='ltr'>(e</span> <span class='ocrx_word' id='word_1_261' title='bbox 561 3704 579 3741; x_wconf 87' lang='grc' dir='ltr'><em>α</em></span> <span class='ocrx_word' id='word_1_262' title='bbox 596 3704 630 3741; x_wconf 89' lang='lat' dir='ltr'>m.</span> <span class='ocrx_word' id='word_1_263' title='bbox 648 3686 696 3754; x_wconf 83' lang='lat' dir='ltr'>al.)</span> <span class='ocrx_word' id='word_1_264' title='bbox 719 3687 748 3740; x_wconf 92' lang='lat' dir='ltr'><em>B</em></span> <span class='ocrx_word' id='word_1_265' title='bbox 852 3686 1026 3742; x_wconf 84' lang='lat' dir='ltr'>conticiscens</span> <span class='ocrx_word' id='word_1_266' title='bbox 1049 3688 1085 3742; x_wconf 89' lang='lat' dir='ltr'><em>H</em></span> <span class='ocrx_word' id='word_1_267' title='bbox 1184 3688 1293 3743; x_wconf 63' lang='lat' dir='ltr'>oculatae</span> 
     </span>
     <span class='ocr_line' id='line_1_31' title="bbox 157 3774 1295 3861; baseline -0.002 -14"><span class='ocrx_word' id='word_1_268' title='bbox 157 3794 187 3860; x_wconf 74' lang='lat' dir='ltr'>(a</span> <span class='ocrx_word' id='word_1_269' title='bbox 204 3793 286 3860; x_wconf 65' lang='lat' dir='ltr'>aas.)</span> <span class='ocrx_word' id='word_1_270' title='bbox 304 3792 332 3845; x_wconf 83' lang='lat' dir='ltr'>a</span> <span class='ocrx_word' id='word_1_271' title='bbox 436 3792 470 3845; x_wconf 84' lang='lat'>13</span> <span class='ocrx_word' id='word_1_272' title='bbox 490 3791 590 3845; x_wconf 73' lang='lat' dir='ltr'>ursus</span> <span class='ocrx_word' id='word_1_273' title='bbox 606 3792 635 3845; x_wconf 82' lang='lat' dir='ltr'><strong><em>P</em></strong></span> <span class='ocrx_word' id='word_1_274' title='bbox 733 3792 871 3861; x_wconf 62' lang='lat' dir='ltr'>maturare</span> <span class='ocrx_word' id='word_1_275' title='bbox 888 3790 951 3847; x_wconf 75' lang='lat' dir='ltr'>aar</span> <span class='ocrx_word' id='word_1_276' title='bbox 1050 3774 1131 3847; x_wconf 62' lang='lat' dir='ltr'>seih</span> <span class='ocrx_word' id='word_1_277' title='bbox 1149 3792 1183 3858; x_wconf 87' lang='lat' dir='ltr'>P,</span> <span class='ocrx_word' id='word_1_278' title='bbox 1216 3790 1295 3845; x_wconf 74' lang='lat' dir='ltr'>cna-</span> 
     </span>
     <span class='ocr_line' id='line_1_32' title="bbox 156 3877 1225 3947; baseline -0.002 -14"><span class='ocrx_word' id='word_1_279' title='bbox 156 3882 232 3933; x_wconf 89' lang='lat' dir='ltr'>stum</span> <span class='ocrx_word' id='word_1_280' title='bbox 255 3879 341 3933; x_wconf 75' lang='lat' dir='ltr'>HBe&#39;</span> <span class='ocrx_word' id='word_1_281' title='bbox 440 3879 474 3933; x_wconf 85' lang='lat'>14</span> <span class='ocrx_word' id='word_1_282' title='bbox 496 3879 612 3933; x_wconf 89' lang='lat' dir='ltr'>alienam</span> <span class='ocrx_word' id='word_1_283' title='bbox 635 3893 690 3931; x_wconf 89' lang='lat' dir='ltr'>uua</span> <span class='ocrx_word' id='word_1_284' title='bbox 712 3879 741 3932; x_wconf 93' lang='lat' dir='ltr'><em>P</em></span> <span class='ocrx_word' id='word_1_285' title='bbox 840 3878 912 3932; x_wconf 86' lang='lat' dir='ltr'>uotis</span> <span class='ocrx_word' id='word_1_286' title='bbox 937 3878 965 3933; x_wconf 92' lang='lat' dir='ltr'><strong><em>P</em></strong></span> <span class='ocrx_word' id='word_1_287' title='bbox 1066 3893 1174 3947; x_wconf 90' lang='lat' dir='ltr'>cumpos</span> <span class='ocrx_word' id='word_1_288' title='bbox 1197 3877 1225 3931; x_wconf 91' lang='grc' dir='ltr'><strong><em>Β</em></strong></span> 
     </span>
     <span class='ocr_line' id='line_1_33' title="bbox 159 3965 1227 4068; baseline -0.002 -15"><span class='ocrx_word' id='word_1_289' title='bbox 159 4000 194 4053; x_wconf 85' lang='grc'>15</span> <span class='ocrx_word' id='word_1_290' title='bbox 211 3965 432 4068; x_wconf 56' lang='lat' dir='ltr'>aeceptiie&#39;ur‘uuus</span> <span class='ocrx_word' id='word_1_291' title='bbox 449 4000 478 4055; x_wconf 94' lang='lat' dir='ltr'><strong><em>P</em></strong></span> <span class='ocrx_word' id='word_1_292' title='bbox 574 3998 676 4053; x_wconf 85' lang='lat' dir='ltr'>rediuit</span> <span class='ocrx_word' id='word_1_293' title='bbox 693 3999 766 4065; x_wconf 87' lang='grc' dir='ltr'>ΗΒ,</span> <span class='ocrx_word' id='word_1_294' title='bbox 796 3998 911 4055; x_wconf 83' lang='lat' dir='ltr'>rediito</span> <span class='ocrx_word' id='word_1_295' title='bbox 1010 3998 1174 4053; x_wconf 86' lang='lat' dir='ltr'>confidentia</span> <span class='ocrx_word' id='word_1_296' title='bbox 1192 3998 1227 4051; x_wconf 89' lang='lat' dir='ltr'><strong><em>H</em></strong></span> 
     </span>
     <span class='ocr_line' id='line_1_34' title="bbox 158 4101 1292 4173; baseline -0.001 -17"><span class='ocrx_word' id='word_1_297' title='bbox 158 4103 193 4157; x_wconf 89' lang='grc'>16</span> <span class='ocrx_word' id='word_1_298' title='bbox 216 4118 284 4170; x_wconf 84' lang='lat' dir='ltr'>quae</span> <span class='ocrx_word' id='word_1_299' title='bbox 306 4102 357 4157; x_wconf 80' lang='lat' dir='ltr'>Ba</span> <span class='ocrx_word' id='word_1_300' title='bbox 459 4102 563 4157; x_wconf 77' lang='lat' dir='ltr'>obteris</span> <span class='ocrx_word' id='word_1_301' title='bbox 581 4104 621 4169; x_wconf 85' lang='lat' dir='ltr'>R,</span> <span class='ocrx_word' id='word_1_302' title='bbox 652 4106 755 4173; x_wconf 68' lang='lat' dir='ltr'>eptae*</span> <span class='ocrx_word' id='word_1_303' title='bbox 772 4103 817 4170; x_wconf 87' lang='lat' dir='ltr'>H,</span> <span class='ocrx_word' id='word_1_304' title='bbox 847 4104 983 4173; x_wconf 73' lang='lat' dir='ltr'>optatior&gt;</span> <span class='ocrx_word' id='word_1_305' title='bbox 1087 4102 1119 4156; x_wconf 85' lang='lat' dir='ltr'>l&#39;l</span> <span class='ocrx_word' id='word_1_306' title='bbox 1141 4101 1230 4169; x_wconf 80' lang='lat' dir='ltr'>exiges</span> <span class='ocrx_word' id='word_1_307' title='bbox 1252 4101 1292 4166; x_wconf 85' lang='lat' dir='ltr'>H,</span> 
     </span>
     <span class='ocr_line' id='line_1_35' title="bbox 158 4187 1292 4257; baseline -0.001 -16"><span class='ocrx_word' id='word_1_308' title='bbox 158 4188 244 4257; x_wconf 84' lang='lat' dir='ltr'>exigis</span> <span class='ocrx_word' id='word_1_309' title='bbox 270 4204 286 4242; x_wconf 85' lang='lat' dir='ltr'><em>v</em></span> <span class='ocrx_word' id='word_1_310' title='bbox 345 4194 349 4200; x_wconf 88' lang='lat'>&#39;</span> <span class='ocrx_word' id='word_1_311' title='bbox 389 4188 450 4257; x_wconf 89' lang='lat' dir='ltr'>qlllll</span> <span class='ocrx_word' id='word_1_312' title='bbox 477 4188 521 4254; x_wconf 89' lang='lat' dir='ltr'>H,</span> <span class='ocrx_word' id='word_1_313' title='bbox 556 4204 608 4257; x_wconf 87' lang='lat' dir='ltr'>qua</span> <span class='ocrx_word' id='word_1_314' title='bbox 635 4189 720 4252; x_wconf 68' lang='lat' dir='ltr'>Pam,</span> <span class='ocrx_word' id='word_1_315' title='bbox 755 4204 809 4257; x_wconf 89' lang='lat' dir='ltr'>qua</span> <span class='ocrx_word' id='word_1_316' title='bbox 837 4188 907 4257; x_wconf 87' lang='lat' dir='ltr'>quod</span> <span class='ocrx_word' id='word_1_317' title='bbox 934 4187 990 4243; x_wconf 81' lang='lat' dir='ltr'>coa</span> <span class='ocrx_word' id='word_1_318' title='bbox 1016 4187 1088 4243; x_wconf 68' lang='lat' dir='ltr'>eall.</span> <span class='ocrx_word' id='word_1_319' title='bbox 1114 4188 1218 4255; x_wconf 78' lang='lat' dir='ltr'>(anatim</span> <span class='ocrx_word' id='word_1_320' title='bbox 1240 4202 1292 4255; x_wconf 87' lang='lat' dir='ltr'>qua</span> 
     </span>
    </p>
   </div>
   <div class='ocr_carea' id='block_1_7' title="bbox 157 4275 1294 4463">
    <p class='ocr_par' dir='ltr' id='par_1_9' title="bbox 157 4275 1294 4463">
     <span class='ocr_line' id='line_1_36' title="bbox 157 4275 1294 4378; baseline -0.001 -17"><span class='ocrx_word' id='word_1_321' title='bbox 157 4308 297 4378; x_wconf 84' lang='lat' dir='ltr'>postulans</span> <span class='ocrx_word' id='word_1_322' title='bbox 314 4308 419 4375; x_wconf 75' lang='lat' dir='ltr'>Aroe),</span> <span class='ocrx_word' id='word_1_323' title='bbox 444 4309 511 4374; x_wconf 80' lang='lat' dir='ltr'>fort.</span> <span class='ocrx_word' id='word_1_324' title='bbox 530 4308 600 4378; x_wconf 89' lang='lat' dir='ltr'>quod</span> <span class='ocrx_word' id='word_1_325' title='bbox 705 4312 737 4365; x_wconf 89' lang='grc'>18</span> <span class='ocrx_word' id='word_1_326' title='bbox 754 4275 837 4364; x_wconf 73' lang='lat' dir='ltr'>duilli</span> <span class='ocrx_word' id='word_1_327' title='bbox 855 4308 890 4377; x_wconf 84' lang='lat' dir='ltr'>(ci</span> <span class='ocrx_word' id='word_1_328' title='bbox 907 4326 926 4363; x_wconf 83' lang='lat' dir='ltr'>a</span> <span class='ocrx_word' id='word_1_329' title='bbox 942 4326 977 4363; x_wconf 86' lang='lat' dir='ltr'>m.</span> <span class='ocrx_word' id='word_1_330' title='bbox 989 4311 1018 4375; x_wconf 82' lang='lat'>2)</span> <span class='ocrx_word' id='word_1_331' title='bbox 1038 4308 1078 4373; x_wconf 84' lang='lat' dir='ltr'>R,</span> <span class='ocrx_word' id='word_1_332' title='bbox 1108 4302 1218 4361; x_wconf 81' lang='lat' dir='ltr'>difficile</span> <span class='ocrx_word' id='word_1_333' title='bbox 1236 4308 1294 4361; x_wconf 87' lang='lat' dir='ltr'>PH</span> 
     </span>
     <span class='ocr_line' id='line_1_37' title="bbox 158 4392 558 4463; baseline -0.003 -13"><span class='ocrx_word' id='word_1_334' title='bbox 158 4396 209 4450; x_wconf 83' lang='lat' dir='ltr'>Be</span> <span class='ocrx_word' id='word_1_335' title='bbox 313 4393 346 4446; x_wconf 85' lang='lat'>19</span> <span class='ocrx_word' id='word_1_336' title='bbox 364 4392 512 4463; x_wconf 79' lang='lat' dir='ltr'>abnegaret</span> <span class='ocrx_word' id='word_1_337' title='bbox 529 4396 558 4449; x_wconf 92' lang='lat' dir='ltr'><strong><em>P</em></strong></span> 
     </span>
    </p>
   </div>
   <div class='ocr_carea' id='block_1_8' title="bbox 0 0 1580 5034">
    <p class='ocr_par' dir='ltr' id='par_1_10' title="bbox 0 0 1580 5034">
     <span class='ocr_line' id='line_1_38' title="bbox 0 0 1580 5034; baseline 0 0"><span class='ocrx_word' id='word_1_338' title='bbox 0 0 1580 5034; x_wconf 95' lang='lat' dir='ltr'> </span> 
     </span>
    </p>
   </div>
  </div>
 </body>
</html>
