3142 5034
559 439 707 510 Remigii
731 441 910 508 expositio.
1237 439 1299 504 347

169 635 236 707 fuit,
263 651 359 710 aquo
381 636 459 695 dicta
482 637 527 694 est
548 635 608 695 ista
629 633 725 705 uallis,
750 635 786 693 ad
809 650 894 707 quarn
916 634 1110 708 confugerunt
1131 634 1185 693 filii
1207 634 1300 694 Israel

169 739 339 798 recedentes
361 755 379 796 a
400 739 508 812 templo
530 738 576 797 dei
598 742 718 813 propter
747 738 949 796 amoenitatem
972 737 1050 797 illius
1073 737 1138 810 loci,
1162 739 1212 796 ubi
1234 739 1300 797 ado

168 843 307 900 reuerent
328 841 414 914 idola,
438 839 592 916 quinione
615 840 692 899 Siloa
713 840 856 913 irrigabat
880 858 951 902 eam.
983 841 1065 899 Tunc
1087 841 1240 913 dupliciter
1258 840 1300 899 ibi

167 940 334 1018 perierunt:
357 944 466 1015 anima,
489 943 559 1016 qnia
580 943 657 1002 idola
678 944 840 1018 coluerunt,
865 961 992 1019 corpore,
1016 945 1085 1016 quia
1107 946 1143 1001 ab
1166 943 1299 1001 hostibus

145 1047 335 1119 sinteriecii3
359 1048 425 1108 inde
454 1047 586 1120 gebenna
607 1047 727 1120 ponitur
748 1065 801 1121 pro
824 1049 944 1120 inferno,
972 1049 1039 1122 quia
1062 1047 1103 1106 ibi
1125 1051 1171 1106 ost
1193 1043 1299 1118 duplex

168 1165 280 1224 poena:
303 1149 381 1210 calor
403 1155 434 1210 et
448 1150 553 1222 frigus.
590 1150 734 1224 Septem
755 1167 875 1226 gyros.
899 1151 974 1210 ·VII·
998 1148 1448 1222 reuolutiunes3idemv.1se—ns

169 1257 215 1312 est
237 1254 359 1325 septena
379 1253 536 1325 uolumina,
552 1252 734 1326 septenarius
756 1269 893 1312 numerus
910 1270 960 1327 pro
976 1252 1157 1327 plenitudine
1171 1251 1299 1325 ponitur,

170 1355 238 1430 quia
260 1371 344 1416 ornne
365 1358 481 1430 tempus
502 1356 589 1415 huius
604 1355 712 1416 saeculi
727 1373 779 1430 per
795 1356 870 1417 ·VII·
886 1355 1106 1427 diesuoluitu13
1129 1356 1206 1414 unde
1222 1354 1297 1424 ·VII·

168 1475 221 1533 pro
232 1458 414 1533 plenitudine
427 1458 633 1532 demoniorum,
650 1476 724 1533 qnae
735 1460 767 1518 in
779 1458 845 1532 ipsa
857 1461 951 1535 erant,
968 1457 1074 1534 posuit.
1113 1457 1181 1532 Vip
1190 1472 1298 1516 ereas

130 1583 159 1622 no
169 1562 196 1620 οἱ·
220 1578 333 1620 uenena
354 1561 473 1623 diaboli.
506 1559 614 1634 Vipera
637 1562 743 1620 dicitur
757 1579 791 1622 eo
806 1560 881 1636 quod
896 1562 927 1620 ui
942 1562 1046 1636 pariat,
1062 1577 1127 1619 narn
1143 1561 1298 1620 interiecta

169 1668 264 1725 matre
293 1664 355 1724 nati
382 1668 497 1726 exeunt.
543 1664 728 1724 Cessante
755 1665 782 1724 ·i·
812 1665 989 1737 quiescente.
1035 1663 1247 1723 Simulastis
1270 1663 1297 1721 ·i·

168 1768 295 1828 linxistis
313 1786 344 1827 e·
362 1785 450 1842 praue
473 1769 606 1839 uiuendo,
630 1785 681 1842 per
703 1768 843 1828 miracula
865 1771 954 1828 bonos
976 1786 1027 1828 uos
1044 1767 1180 1827 uoluistis
1198 1769 1296 1826 osten-

169 1873 234 1930 dere
257 1875 286 1930 et
308 1886 371 1930 cnm
386 1872 503 1944 iniquas
518 1887 566 1931 ree
583 1872 718 1946 meretis,
735 1872 834 1930 diuina
850 1873 1005 1945 fingebatis
1020 1888 1072 1930 uos
1087 1887 1174 1944 opera
1190 1869 1296 1930 iacere.

168 1972 291 2043 Quidam
318 1977 395 2049 sunt,
425 1975 474 2047 qui
503 1991 567 2033 cum
594 1975 723 2035 uiderint
745 1975 879 2034 homines
902 1975 1043 2036 iacientes
1066 1973 1215 2044 miracula,
1238 1988 1295 2032 non

130 2095 159 2136 ne
169 2077 261 2136 uitam
282 2076 334 2136 sed
356 2076 495 2136 miracula
510 2078 682 2150 attendunt;
699 2080 770 2137 deus
788 2093 856 2138 uero
872 2077 968 2152 potius
983 2079 1088 2136 bonam
1103 2077 1194 2136 uitam
1210 2091 1296 2149 qnam

168 2178 307 2238 muscula
328 2178 456 2253 respicit.
491 2179 725 2240 Carminibus
748 2181 774 2239 l·
797 2181 1052 2240 incantationibus.
1091 2180 1248 2253 niger-as
1271 2175 1296 2236 l·

169 2299 227 2342 non
242 2297 328 2341 ueras
343 2284 393 2341 sed
408 2282 508 2344 falses.
527 2283 607 2343 Nota
621 2286 668 2343 est
682 2283 820 2345 historia:
837 2285 922 2358 uirga
937 2301 1021 2343 uersa
1035 2284 1064 2342 in
1081 2298 1211 2342 ueracem
1227 2283 1294 2341 dra·
1374 2260 1378 2270 ¹

169 2401 276 2445 eonem.
312 2386 391 2444 Dens
414 2388 489 2445 enim
511 2390 687 2460 potestatem
710 2388 801 2448 habet
823 2390 985 2450 creaturam
1013 2404 1094 2447 suam
1116 2391 1228 2446 mutere
1250 2387 1296 2444 in-

168 2501 375 2562 quamoumque
396 2489 528 2551 noluerit.
559 2493 638 2564 Magi
661 2483 730 2552 uero
748 2509 808 2552 non
824 2494 933 2552 habent
948 2493 1120 2566 potestatem
1135 2493 1296 2561 creaturae,

123 2593 221 2651 'maed
243 2591 340 2651 ocules
361 2591 536 2653 intuentium
554 2594 700 2654 fascinant
715 2594 741 2652 ·i·
757 2593 914 2668 decipiunt.
938 2594 1095 2654 Fascinnm
1110 2591 1296 2652 dieiturleus

169 2694 321 2767 inuidiosa,
354 2696 420 2755 inde
452 2695 573 2773 fascino,
608 2698 744 2756 fascinus.
790 2698 881 2756 Post
907 2697 933 2754 ·i·
957 2696 1087 2771 posthae.
1132 2692 1251 2754 Facili
1270 2693 1296 2750 ·i·
1360 2706 1363 2712 ’

168 2797 236 2869 leni,
268 2798 336 2873 quia
362 2814 424 2857 mos
453 2800 499 2856 est
527 2796 650 2856 diuitum
672 2799 706 2856 nt
732 2796 852 2856 difficile
881 2798 1051 2871 inuitentur,
1082 2797 1134 2856 sed
1163 2793 1296 2854 dominus

168 2899 249 2959 facili
270 2905 390 2975 precatu
413 2904 536 2960 uenerat
553 2902 588 2960 ad
605 2901 718 2959 domum
733 2899 877 2960 Pbarisei.
906 2901 1016 2959 Pharos
1033 2899 1089 2958 init
1104 2898 1182 2958 filine
1198 2896 1295 2966 Iudae,

168 3020 263 3077 aquo
285 3004 419 3064 Pharisei
443 3003 579 3064 dicuntur
596 3008 626 3063 et
659 3004 889 3078 interpretantur
917 3004 1013 3064 diuisi.
1058 3005 1099 3063 In
1134 3002 1294 3076 spatium

131 3108 266 3168 neuteri
288 3108 316 3166 ·i·
341 3109 423 3182 quasi
456 3111 549 3167 totum
582 3110 716 3168 effectum
749 3107 844 3168 inerat
880 3110 991 3168 uenter,
1034 3106 1192 3180 Ydrops:
1225 3107 1296 3179 ydor

167 3224 270 3282 gruem
298 3227 382 3291 aqua,
410 3211 478 3270 inde
505 3211 660 3286 ydropicus
688 3211 849 3285 aquaticus,
877 3210 983 3287 ydrops
1013 3214 1056 3270 est
1080 3211 1295 3270 intercutaneus

165 3314 285 3371 morbus
307 3316 338 3371 et
359 3312 465 3372 dicitnr
486 3313 577 3372 latine
599 3316 745 3385 uebrnus,
768 3313 924 3389 ydropicus
954 3313 1070 3373 morbus
1097 3316 1144 3372 est
1165 3329 1200 3371 ex
1221 3311 1295 3372 uitio

167 3410 285 3476 uesicae
306 3419 392 3483 natue
415 3434 479 3477 cum
494 3418 609 3492 turgido
624 3420 726 3476 uentre
741 3421 772 3476 et
789 3417 921 3478 anhelitu
938 3417 1055 3478 foetido.
1094 3415 1293 3490 munides,

166 3519 236 3593 quia
257 3535 314 3593 quo
335 3521 401 3593 plus
423 3519 509 3595 bibit,
536 3537 569 3580 eo
593 3520 717 3594 amplius
746 3521 820 3581 sitit.
866 3520 998 3580 Lacum
1021 3523 1047 3581 ·i·
1071 3537 1172 3595 corpus
1209 3519 1294 3594 ydro-

129 3622 239 3696 sopiei3
276 3622 371 3682 lacum
407 3620 535 3699 appellat
571 3626 710 3700 uentrem,
748 3641 824 3699 aqua
866 3624 956 3683 ueluti
993 3627 1025 3684 in
1061 3626 1135 3684 lacn.
1186 3621 1295 3681 Adibat

166 3725 300 3784 dominus
323 3726 420 3785 domos
441 3726 615 3801 principum,
638 3743 693 3785 nou
717 3743 773 3800 qno
795 3726 937 3800 indigeret
960 3744 1057 3788 eorum
1073 3727 1175 3801 epulis,
1192 3725 1244 3783 sed
1259 3725 1294 3783 ob

166 3843 266 3887 eorum
288 3826 422 3901 famulos,
445 3828 513 3902 quia
531 3829 651 3905 seruitio
667 3830 777 3888 detenti
793 3847 856 3888 enm
873 3831 953 3890 adire
967 3847 1024 3890 non
1039 3831 1173 3904 poterant
1188 3830 1217 3886 et
1233 3827 1293 3884 eins

165 3929 410 4003 praedicationem
423 3931 533 4001 audire,
549 3947 617 3990 nem
634 3947 723 4005 aeque
739 3932 774 3991 de
790 3933 923 3993 omnibus
936 3934 1065 3992 curabat.
1103 3932 1292 3990 Portenta.

165 4032 336 4092 Portentum
358 4036 404 4092 est
426 4035 500 4107 quod
523 4033 617 4093 subito
641 4037 761 4109 apparet
778 4039 808 4096 et
823 4035 931 4111 aliquid
946 4035 1120 4110 praetendit.
1152 4035 1233 4094 Idem
1248 4037 1294 4092 est

220 4249 346 4354 lisoio}
362 4287 390 4338 A
489 4285 523 4338 10
540 4290 632 4354 pareat
648 4288 676 4339 A
773 4287 807 4342 31
826 4287 916 4342 domos
935 4303 968 4342 ea
985 4287 1079 4341 domus
1096 4289 1124 4340 A
1221 4281 1294 4355 prin-

166 4370 239 4438 cipib
257 4370 285 4423 A
385 4371 420 4425 34
436 4370 504 4437 fori.
523 4372 662 4439 portendit
