<?xml version="1.0" encoding="UTF-8"?>
<!DOCTYPE html PUBLIC "-//W3C//DTD XHTML 1.0 Transitional//EN"
    "http://www.w3.org/TR/xhtml1/DTD/xhtml1-transitional.dtd">
<html xmlns="http://www.w3.org/1999/xhtml" xml:lang="en" lang="en">
 <head>
  <title>
</title>
<meta http-equiv="Content-Type" content="text/html;charset=utf-8" />
  <meta name='ocr-system' content='tesseract 3.04.00' />
  <meta name='ocr-capabilities' content='ocr_page ocr_carea ocr_par ocr_line ocrx_word'/>
</head>
<body>
  <div class='ocr_page' id='page_1' title='image "./corpusscriptoru06wiengoog_0351.png"; bbox 0 0 3142 5034; ppageno 0'>
   <div class='ocr_carea' id='block_1_1' title="bbox 477 401 1306 475">
    <p class='ocr_par' dir='ltr' id='par_1_1' title="bbox 477 401 1306 475">
     <span class='ocr_line' id='line_1_1' title="bbox 477 401 1306 475; baseline 0.018 -23"><span class='ocrx_word' id='word_1_1' title='bbox 477 401 481 414; x_wconf 79' lang='lat'><strong>¹</strong></span> <span class='ocrx_word' id='word_1_2' title='bbox 525 402 676 458; x_wconf 78' lang='lat' dir='ltr'>Panchai.</span> <span class='ocrx_word' id='word_1_3' title='bbox 695 403 817 472; x_wconf 86' lang='lat' dir='ltr'>Operis</span> <span class='ocrx_word' id='word_1_4' title='bbox 840 404 908 457; x_wconf 81' lang='lat' dir='ltr'>Lib.</span> <span class='ocrx_word' id='word_1_5' title='bbox 929 405 959 457; x_wconf 90' lang='lat' dir='ltr'>V.</span> <span class='ocrx_word' id='word_1_6' title='bbox 1246 410 1306 475; x_wconf 72' lang='lat'>287</span> 
     </span>
    </p>
   </div>
   <div class='ocr_carea' id='block_1_2' title="bbox 141 590 1309 2844">
    <p class='ocr_par' dir='ltr' id='par_1_2' title="bbox 141 590 1309 2844">
     <span class='ocr_line' id='line_1_2' title="bbox 179 590 1306 679; baseline 0.004 -20"><span class='ocrx_word' id='word_1_7' title='bbox 179 611 274 676; x_wconf 89' lang='lat' dir='ltr'>quam</span> <span class='ocrx_word' id='word_1_8' title='bbox 296 590 521 659; x_wconf 87' lang='lat' dir='ltr'>Hierosolimae</span> <span class='ocrx_word' id='word_1_9' title='bbox 543 591 678 658; x_wconf 80' lang='lat' dir='ltr'>defuisse</span> <span class='ocrx_word' id='word_1_10' title='bbox 703 592 946 675; x_wconf 87' lang='lat' dir='ltr'>apostolicorum</span> <span class='ocrx_word' id='word_1_11' title='bbox 975 598 1102 659; x_wconf 89' lang='lat' dir='ltr'>actuum</span> <span class='ocrx_word' id='word_1_12' title='bbox 1125 596 1306 679; x_wconf 86' lang='lat' dir='ltr'>magnitudo</span> 
     </span>
     <span class='ocr_line' id='line_1_3' title="bbox 179 695 1307 781; baseline 0.004 -20"><span class='ocrx_word' id='word_1_13' title='bbox 179 696 321 773; x_wconf 84' lang='lat' dir='ltr'>testetur,</span> <span class='ocrx_word' id='word_1_14' title='bbox 346 696 378 759; x_wconf 89' lang='lat' dir='ltr'>et</span> <span class='ocrx_word' id='word_1_15' title='bbox 399 695 498 776; x_wconf 81' lang='lat' dir='ltr'><strong>possit</strong></span> <span class='ocrx_word' id='word_1_16' title='bbox 521 698 575 761; x_wconf 89' lang='lat' dir='ltr'>aut</span> <span class='ocrx_word' id='word_1_17' title='bbox 598 714 660 762; x_wconf 90' lang='lat' dir='ltr'>nna</span> <span class='ocrx_word' id='word_1_18' title='bbox 681 696 862 778; x_wconf 88' lang='lat' dir='ltr'>interpretis</span> <span class='ocrx_word' id='word_1_19' title='bbox 879 695 1010 761; x_wconf 87' lang='lat' dir='ltr'>diuersis</span> <span class='ocrx_word' id='word_1_20' title='bbox 1026 698 1134 781; x_wconf 89' lang='lat' dir='ltr'>lingua</span> <span class='ocrx_word' id='word_1_21' title='bbox 1149 698 1307 776; x_wconf 85' lang='lat' dir='ltr'>sufficere;</span> 
     </span>
     <span class='ocr_line' id='line_1_4' title="bbox 152 796 1309 885; baseline 0.004 -23"><span class='ocrx_word' id='word_1_22' title='bbox 152 807 155 818; x_wconf 86' lang='grc'><strong>“</strong></span> <span class='ocrx_word' id='word_1_23' title='bbox 180 803 247 876; x_wconf 89' lang='lat' dir='ltr'>aut,</span> <span class='ocrx_word' id='word_1_24' title='bbox 270 799 297 862; x_wconf 92' lang='lat' dir='ltr'>si</span> <span class='ocrx_word' id='word_1_25' title='bbox 321 800 505 863; x_wconf 86' lang='lat' dir='ltr'>cunctorum</span> <span class='ocrx_word' id='word_1_26' title='bbox 528 798 629 863; x_wconf 91' lang='lat' dir='ltr'>uoluit</span> <span class='ocrx_word' id='word_1_27' title='bbox 651 798 749 863; x_wconf 88' lang='lat' dir='ltr'>oculis</span> <span class='ocrx_word' id='word_1_28' title='bbox 769 798 830 865; x_wconf 90' lang='lat' dir='ltr'>hoc</span> <span class='ocrx_word' id='word_1_29' title='bbox 844 796 968 865; x_wconf 75' lang='lat' dir='ltr'><strong>Pilatus</strong></span> <span class='ocrx_word' id='word_1_30' title='bbox 984 820 1144 883; x_wconf 79' lang='lat' dir='ltr'>exponere,</span> <span class='ocrx_word' id='word_1_31' title='bbox 1168 803 1309 885; x_wconf 89' lang='lat' dir='ltr'>pluribus</span> 
     </span>
     <span class='ocr_line' id='line_1_5' title="bbox 178 902 1309 987; baseline 0.003 -19"><span class='ocrx_word' id='word_1_32' title='bbox 178 903 361 985; x_wconf 86' lang='lat' dir='ltr'>linguarum</span> <span class='ocrx_word' id='word_1_33' title='bbox 385 904 577 984; x_wconf 76' lang='lat' dir='ltr'>commerciis</span> <span class='ocrx_word' id='word_1_34' title='bbox 602 903 792 968; x_wconf 71' lang='lat' dir='ltr'><strong>instructam</strong></span> <span class='ocrx_word' id='word_1_35' title='bbox 815 902 904 987; x_wconf 89' lang='lat' dir='ltr'>uulgi</span> <span class='ocrx_word' id='word_1_36' title='bbox 926 903 1074 971; x_wconf 89' lang='lat' dir='ltr'>notitiam</span> <span class='ocrx_word' id='word_1_37' title='bbox 1096 903 1309 971; x_wconf 74' lang='lat' dir='ltr'>reddidisset?</span> 
     </span>
     <span class='ocr_line' id='line_1_6' title="bbox 156 1004 1309 1090; baseline 0.01 -27"><span class='ocrx_word' id='word_1_38' title='bbox 156 1005 234 1071; x_wconf 78' lang='lat' dir='ltr'>esed</span> <span class='ocrx_word' id='word_1_39' title='bbox 264 1006 337 1087; x_wconf 89' lang='lat' dir='ltr'>quia</span> <span class='ocrx_word' id='word_1_40' title='bbox 363 1008 494 1071; x_wconf 90' lang='lat' dir='ltr'>nonest</span> <span class='ocrx_word' id='word_1_41' title='bbox 524 1004 661 1072; x_wconf 87' lang='lat' dir='ltr'>humana</span> <span class='ocrx_word' id='word_1_42' title='bbox 691 1004 892 1089; x_wconf 90' lang='lat' dir='ltr'>dispositione</span> <span class='ocrx_word' id='word_1_43' title='bbox 915 1006 1100 1090; x_wconf 85' lang='lat' dir='ltr'>perlectum,</span> <span class='ocrx_word' id='word_1_44' title='bbox 1124 1007 1309 1089; x_wconf 76' lang='lat' dir='ltr'>spiritaliter</span> 
     </span>
     <span class='ocr_line' id='line_1_7' title="bbox 179 1107 1309 1193; baseline 0.004 -21"><span class='ocrx_word' id='word_1_45' title='bbox 179 1108 262 1175; x_wconf 90' lang='lat' dir='ltr'>illud</span> <span class='ocrx_word' id='word_1_46' title='bbox 292 1109 464 1173; x_wconf 90' lang='lat' dir='ltr'>sentiamus</span> <span class='ocrx_word' id='word_1_47' title='bbox 495 1107 671 1191; x_wconf 92' lang='lat' dir='ltr'>impletum.</span> <span class='ocrx_word' id='word_1_48' title='bbox 709 1128 784 1173; x_wconf 89' lang='lat' dir='ltr'>uera</span> <span class='ocrx_word' id='word_1_49' title='bbox 813 1108 966 1191; x_wconf 88' lang='lat' dir='ltr'>siquidem</span> <span class='ocrx_word' id='word_1_50' title='bbox 987 1109 1070 1181; x_wconf 61' lang='lat' dir='ltr'>,fides</span> <span class='ocrx_word' id='word_1_51' title='bbox 1094 1111 1309 1193; x_wconf 88' lang='lat' dir='ltr'>catholicaque</span> 
     </span>
     <span class='ocr_line' id='line_1_8' title="bbox 180 1210 1307 1297; baseline 0.003 -20"><span class='ocrx_word' id='word_1_52' title='bbox 180 1211 342 1289; x_wconf 80' lang='lat' dir='ltr'>consessio,</span> <span class='ocrx_word' id='word_1_53' title='bbox 366 1229 444 1295; x_wconf 89' lang='lat' dir='ltr'>quae</span> <span class='ocrx_word' id='word_1_54' title='bbox 467 1210 691 1293; x_wconf 81' lang='lat' dir='ltr'>designabatur</span> <span class='ocrx_word' id='word_1_55' title='bbox 713 1212 747 1275; x_wconf 91' lang='lat' dir='ltr'>in</span> <span class='ocrx_word' id='word_1_56' title='bbox 770 1210 903 1291; x_wconf 84' lang='lat' dir='ltr'>Christo,</span> <span class='ocrx_word' id='word_1_57' title='bbox 933 1231 1030 1277; x_wconf 90' lang='lat' dir='ltr'>unum</span> <span class='ocrx_word' id='word_1_58' title='bbox 1053 1214 1174 1296; x_wconf 88' lang='lat' dir='ltr'>populis</span> <span class='ocrx_word' id='word_1_59' title='bbox 1202 1232 1307 1297; x_wconf 85' lang='lat' dir='ltr'>regem</span> 
     </span>
     <span class='ocr_line' id='line_1_9' title="bbox 178 1308 1308 1403; baseline 0.004 -24"><span class='ocrx_word' id='word_1_60' title='bbox 178 1314 264 1379; x_wconf 89' lang='lat' dir='ltr'>trino</span> <span class='ocrx_word' id='word_1_61' title='bbox 287 1312 417 1379; x_wconf 90' lang='lat' dir='ltr'>docebat</span> <span class='ocrx_word' id='word_1_62' title='bbox 439 1314 587 1399; x_wconf 90' lang='lat' dir='ltr'>explicari</span> <span class='ocrx_word' id='word_1_63' title='bbox 608 1308 765 1391; x_wconf 78' lang='lat' dir='ltr'>sermone3</span> <span class='ocrx_word' id='word_1_64' title='bbox 782 1314 865 1397; x_wconf 89' lang='lat' dir='ltr'>qnod</span> <span class='ocrx_word' id='word_1_65' title='bbox 879 1316 985 1384; x_wconf 88' lang='lat' dir='ltr'>autem</span> <span class='ocrx_word' id='word_1_66' title='bbox 1000 1316 1187 1382; x_wconf 87' lang='lat' dir='ltr'>ludaeorum</span> <span class='ocrx_word' id='word_1_67' title='bbox 1202 1337 1308 1403; x_wconf 87' lang='lat' dir='ltr'>regem</span> 
     </span>
     <span class='ocr_line' id='line_1_10' title="bbox 179 1419 1309 1506; baseline 0.002 -23"><span class='ocrx_word' id='word_1_68' title='bbox 179 1439 251 1484; x_wconf 91' lang='lat' dir='ltr'>eum</span> <span class='ocrx_word' id='word_1_69' title='bbox 273 1419 450 1503; x_wconf 85' lang='lat' dir='ltr'>specialiter</span> <span class='ocrx_word' id='word_1_70' title='bbox 472 1421 566 1484; x_wconf 88' lang='lat' dir='ltr'>uerbo</span> <span class='ocrx_word' id='word_1_71' title='bbox 595 1419 787 1501; x_wconf 87' lang='lat' dir='ltr'>pronuntiat,</span> <span class='ocrx_word' id='word_1_72' title='bbox 817 1420 870 1501; x_wconf 92' lang='lat' dir='ltr'>qui</span> <span class='ocrx_word' id='word_1_73' title='bbox 893 1437 987 1506; x_wconf 89' lang='lat' dir='ltr'>supra</span> <span class='ocrx_word' id='word_1_74' title='bbox 1010 1421 1186 1487; x_wconf 84' lang='lat' dir='ltr'>creaturam</span> <span class='ocrx_word' id='word_1_75' title='bbox 1209 1422 1309 1487; x_wconf 91' lang='lat' dir='ltr'>domi·</span> 
     </span>
     <span class='ocr_line' id='line_1_11' title="bbox 144 1522 1308 1604; baseline 0.008 -20"><span class='ocrx_word' id='word_1_76' title='bbox 144 1527 272 1587; x_wconf 74' lang='lat' dir='ltr'>nanatur</span> <span class='ocrx_word' id='word_1_77' title='bbox 294 1522 485 1598; x_wconf 89' lang='lat' dir='ltr'>uniuersam,</span> <span class='ocrx_word' id='word_1_78' title='bbox 508 1525 575 1588; x_wconf 89' lang='lat' dir='ltr'>tam</span> <span class='ocrx_word' id='word_1_79' title='bbox 590 1524 740 1588; x_wconf 87' lang='lat' dir='ltr'>saeculari</span> <span class='ocrx_word' id='word_1_80' title='bbox 755 1539 867 1587; x_wconf 88' lang='lat' dir='ltr'>causae</span> <span class='ocrx_word' id='word_1_81' title='bbox 883 1541 977 1604; x_wconf 89' lang='lat' dir='ltr'>quam</span> <span class='ocrx_word' id='word_1_82' title='bbox 993 1523 1108 1589; x_wconf 90' lang='lat' dir='ltr'>rationi</span> <span class='ocrx_word' id='word_1_83' title='bbox 1124 1524 1308 1594; x_wconf 90' lang='lat' dir='ltr'>conueniens</span> 
     </span>
     <span class='ocr_line' id='line_1_12' title="bbox 179 1625 1307 1710; baseline 0.001 -20"><span class='ocrx_word' id='word_1_84' title='bbox 179 1630 227 1691; x_wconf 90' lang='lat' dir='ltr'>est</span> <span class='ocrx_word' id='word_1_85' title='bbox 256 1626 389 1691; x_wconf 88' lang='lat' dir='ltr'>diuinae.</span> <span class='ocrx_word' id='word_1_86' title='bbox 426 1626 563 1708; x_wconf 89' lang='lat' dir='ltr'>primum</span> <span class='ocrx_word' id='word_1_87' title='bbox 596 1628 740 1709; x_wconf 87' lang='lat' dir='ltr'>quoniam</span> <span class='ocrx_word' id='word_1_88' title='bbox 770 1625 898 1691; x_wconf 87' lang='lat' dir='ltr'>Pilatus</span> <span class='ocrx_word' id='word_1_89' title='bbox 926 1627 978 1690; x_wconf 90' lang='lat' dir='ltr'>uel</span> <span class='ocrx_word' id='word_1_90' title='bbox 1006 1630 1132 1710; x_wconf 89' lang='lat' dir='ltr'>propter</span> <span class='ocrx_word' id='word_1_91' title='bbox 1166 1626 1307 1695; x_wconf 83' lang='lat' dir='ltr'>Caesaris</span> 
     </span>
     <span class='ocr_line' id='line_1_13' title="bbox 179 1728 1307 1815; baseline 0.001 -21"><span class='ocrx_word' id='word_1_92' title='bbox 179 1730 300 1795; x_wconf 90' lang='lat' dir='ltr'>metum</span> <span class='ocrx_word' id='word_1_93' title='bbox 321 1730 372 1795; x_wconf 93' lang='lat' dir='ltr'>uel</span> <span class='ocrx_word' id='word_1_94' title='bbox 401 1730 525 1812; x_wconf 86' lang='lat' dir='ltr'>propter</span> <span class='ocrx_word' id='word_1_95' title='bbox 546 1747 621 1794; x_wconf 86' lang='lat' dir='ltr'>suae</span> <span class='ocrx_word' id='word_1_96' title='bbox 646 1728 874 1795; x_wconf 89' lang='lat' dir='ltr'>credidnlitatis</span> <span class='ocrx_word' id='word_1_97' title='bbox 897 1728 1079 1808; x_wconf 89' lang='lat' dir='ltr'>admissum,</span> <span class='ocrx_word' id='word_1_98' title='bbox 1108 1732 1182 1813; x_wconf 86' lang='lat' dir='ltr'>quia</span> <span class='ocrx_word' id='word_1_99' title='bbox 1204 1748 1307 1815; x_wconf 85' lang='lat' dir='ltr'>regern</span> 
     </span>
     <span class='ocr_line' id='line_1_14' title="bbox 179 1830 1307 1916; baseline 0.002 -20"><span class='ocrx_word' id='word_1_100' title='bbox 179 1831 292 1898; x_wconf 83' lang='lat' dir='ltr'>dixerit</span> <span class='ocrx_word' id='word_1_101' title='bbox 313 1851 444 1915; x_wconf 88' lang='lat' dir='ltr'>quorum</span> <span class='ocrx_word' id='word_1_102' title='bbox 458 1832 565 1910; x_wconf 85' lang='lat' dir='ltr'>fuerit,</span> <span class='ocrx_word' id='word_1_103' title='bbox 581 1830 735 1912; x_wconf 77' lang='lat' dir='ltr'>detumit,</span> <span class='ocrx_word' id='word_1_104' title='bbox 752 1853 791 1898; x_wconf 92' lang='lat' dir='ltr'>ne</span> <span class='ocrx_word' id='word_1_105' title='bbox 807 1852 885 1916; x_wconf 92' lang='lat' dir='ltr'>puro</span> <span class='ocrx_word' id='word_1_106' title='bbox 899 1832 988 1915; x_wconf 90' lang='lat' dir='ltr'>regni</span> <span class='ocrx_word' id='word_1_107' title='bbox 1004 1834 1129 1899; x_wconf 91' lang='lat' dir='ltr'>nomine</span> <span class='ocrx_word' id='word_1_108' title='bbox 1144 1833 1307 1916; x_wconf 88' lang='lat' dir='ltr'>designato</span> 
     </span>
     <span class='ocr_line' id='line_1_15' title="bbox 179 1936 1309 2020; baseline 0.001 -21"><span class='ocrx_word' id='word_1_109' title='bbox 179 1936 369 2017; x_wconf 85' lang='lat' dir='ltr'>generaliter</span> <span class='ocrx_word' id='word_1_110' title='bbox 401 1954 474 2005; x_wconf 89' lang='lat' dir='ltr'>eum</span> <span class='ocrx_word' id='word_1_111' title='bbox 508 1953 613 2019; x_wconf 87' lang='lat' dir='ltr'>regem</span> <span class='ocrx_word' id='word_1_112' title='bbox 641 1937 800 2004; x_wconf 87' lang='lat' dir='ltr'>uideretur</span> <span class='ocrx_word' id='word_1_113' title='bbox 833 1938 1004 2020; x_wconf 82' lang='lat' dir='ltr'>exprimere</span> <span class='ocrx_word' id='word_1_114' title='bbox 1034 1937 1127 2019; x_wconf 89' lang='lat' dir='ltr'>atque</span> <span class='ocrx_word' id='word_1_115' title='bbox 1161 1940 1309 2002; x_wconf 87' lang='lat' dir='ltr'>aduersus</span> 
     </span>
     <span class='ocr_line' id='line_1_16' title="bbox 143 2037 1306 2122; baseline 0.003 -23"><span class='ocrx_word' id='word_1_116' title='bbox 143 2037 341 2104; x_wconf 81' lang='lat' dir='ltr'>reCaesarem</span> <span class='ocrx_word' id='word_1_117' title='bbox 363 2038 545 2122; x_wconf 81' lang='lat' dir='ltr'>¹praedicare</span> <span class='ocrx_word' id='word_1_118' title='bbox 575 2040 606 2103; x_wconf 87' lang='lat' dir='ltr'>et</span> <span class='ocrx_word' id='word_1_119' title='bbox 633 2039 795 2121; x_wconf 87' lang='lat' dir='ltr'>tamqnam</span> <span class='ocrx_word' id='word_1_120' title='bbox 824 2040 857 2104; x_wconf 93' lang='lat' dir='ltr'>in</span> <span class='ocrx_word' id='word_1_121' title='bbox 885 2058 977 2108; x_wconf 89' lang='lat' dir='ltr'>suum</span> <span class='ocrx_word' id='word_1_122' title='bbox 1005 2057 1125 2122; x_wconf 86' lang='lat' dir='ltr'>qnoque</span> <span class='ocrx_word' id='word_1_123' title='bbox 1156 2039 1306 2104; x_wconf 89' lang='lat' dir='ltr'>rectorem</span> 
     </span>
     <span class='ocr_line' id='line_1_17' title="bbox 179 2141 1309 2225; baseline 0.001 -20"><span class='ocrx_word' id='word_1_124' title='bbox 179 2141 305 2206; x_wconf 88' lang='lat' dir='ltr'>decreta</span> <span class='ocrx_word' id='word_1_125' title='bbox 326 2146 427 2207; x_wconf 89' lang='lat' dir='ltr'>morte</span> <span class='ocrx_word' id='word_1_126' title='bbox 454 2141 625 2225; x_wconf 87' lang='lat' dir='ltr'>sacrilegus</span> <span class='ocrx_word' id='word_1_127' title='bbox 654 2143 801 2209; x_wconf 87' lang='lat' dir='ltr'>extitisse.</span> <span class='ocrx_word' id='word_1_128' title='bbox 841 2142 954 2207; x_wconf 90' lang='lat' dir='ltr'>dehinc</span> <span class='ocrx_word' id='word_1_129' title='bbox 970 2142 1042 2225; x_wconf 88' lang='lat' dir='ltr'>quia</span> <span class='ocrx_word' id='word_1_130' title='bbox 1057 2161 1108 2207; x_wconf 87' lang='lat' dir='ltr'>rex</span> <span class='ocrx_word' id='word_1_131' title='bbox 1124 2143 1309 2211; x_wconf 85' lang='lat' dir='ltr'>ludaeorum</span> 
     </span>
     <span class='ocr_line' id='line_1_18' title="bbox 180 2242 1308 2331; baseline 0.003 -23"><span class='ocrx_word' id='word_1_132' title='bbox 180 2242 322 2311; x_wconf 79' lang='lat' dir='ltr'>Christus</span> <span class='ocrx_word' id='word_1_133' title='bbox 354 2246 499 2331; x_wconf 86' lang='lat' dir='ltr'>religiose</span> <span class='ocrx_word' id='word_1_134' title='bbox 536 2246 715 2314; x_wconf 82' lang='lat' dir='ltr'>nominatur</span> <span class='ocrx_word' id='word_1_135' title='bbox 753 2247 785 2311; x_wconf 93' lang='lat' dir='ltr'>et</span> <span class='ocrx_word' id='word_1_136' title='bbox 819 2246 921 2313; x_wconf 89' lang='lat' dir='ltr'>omnis</span> <span class='ocrx_word' id='word_1_137' title='bbox 955 2246 1118 2329; x_wconf 84' lang='lat' dir='ltr'>gentilitas</span> <span class='ocrx_word' id='word_1_138' title='bbox 1154 2246 1308 2313; x_wconf 89' lang='lat' dir='ltr'>idolorum</span> 
     </span>
     <span class='ocr_line' id='line_1_19' title="bbox 179 2348 1309 2433; baseline 0.004 -22"><span class='ocrx_word' id='word_1_139' title='bbox 179 2348 316 2413; x_wconf 87' lang='lat' dir='ltr'>cultibus</span> <span class='ocrx_word' id='word_1_140' title='bbox 332 2352 490 2433; x_wconf 72' lang='lat' dir='ltr'>occupata,</span> <span class='ocrx_word' id='word_1_141' title='bbox 508 2368 579 2415; x_wconf 90' lang='lat' dir='ltr'>cum</span> <span class='ocrx_word' id='word_1_142' title='bbox 594 2348 768 2418; x_wconf 78' lang='lat' dir='ltr'>Christiani</span> <span class='ocrx_word' id='word_1_143' title='bbox 783 2349 939 2431; x_wconf 84' lang='lat' dir='ltr'>dogmatis</span> <span class='ocrx_word' id='word_1_144' title='bbox 955 2350 1104 2414; x_wconf 86' lang='lat' dir='ltr'>meruerit</span> <span class='ocrx_word' id='word_1_145' title='bbox 1115 2350 1309 2415; x_wconf 88' lang='lat' dir='ltr'>sacramenta</span> 
     </span>
     <span class='ocr_line' id='line_1_20' title="bbox 179 2450 1308 2535; baseline 0.002 -21"><span class='ocrx_word' id='word_1_146' title='bbox 179 2452 294 2530; x_wconf 87' lang='lat' dir='ltr'>sortiri,</span> <span class='ocrx_word' id='word_1_147' title='bbox 318 2451 401 2517; x_wconf 85' lang='lat' dir='ltr'>iuter</span> <span class='ocrx_word' id='word_1_148' title='bbox 427 2452 587 2519; x_wconf 79' lang='lat' dir='ltr'>Abraham</span> <span class='ocrx_word' id='word_1_149' title='bbox 608 2452 689 2521; x_wconf 90' lang='lat' dir='ltr'>filios</span> <span class='ocrx_word' id='word_1_150' title='bbox 711 2453 841 2535; x_wconf 79' lang='lat' dir='ltr'>incipiet</span> <span class='ocrx_word' id='word_1_151' title='bbox 857 2452 915 2517; x_wconf 89' lang='lat' dir='ltr'>Dei</span> <span class='ocrx_word' id='word_1_152' title='bbox 936 2452 1036 2517; x_wconf 86' lang='lat' dir='ltr'>filium</span> <span class='ocrx_word' id='word_1_153' title='bbox 1052 2470 1239 2535; x_wconf 87' lang='lat' dir='ltr'>nuncupare,</span> <span class='ocrx_word' id='word_1_154' title='bbox 1257 2450 1308 2518; x_wconf 87' lang='lat' dir='ltr'>cui</span> 
     </span>
     <span class='ocr_line' id='line_1_21' title="bbox 141 2554 1308 2643; baseline 0.003 -27"><span class='ocrx_word' id='word_1_155' title='bbox 141 2556 296 2639; x_wconf 85' lang='lat' dir='ltr'>relegitur</span> <span class='ocrx_word' id='word_1_156' title='bbox 313 2555 505 2639; x_wconf 85' lang='lat' dir='ltr'>promisisse,</span> <span class='ocrx_word' id='word_1_157' title='bbox 534 2556 616 2643; x_wconf 85' lang='lat' dir='ltr'>quod</span> <span class='ocrx_word' id='word_1_158' title='bbox 638 2574 711 2621; x_wconf 91' lang='lat' dir='ltr'>eum</span> <span class='ocrx_word' id='word_1_159' title='bbox 732 2555 858 2633; x_wconf 85' lang='lat' dir='ltr'>faceret,</span> <span class='ocrx_word' id='word_1_160' title='bbox 890 2554 973 2621; x_wconf 88' lang='lat' dir='ltr'>sicut</span> <span class='ocrx_word' id='word_1_161' title='bbox 997 2555 1028 2619; x_wconf 92' lang='lat' dir='ltr'>et</span> <span class='ocrx_word' id='word_1_162' title='bbox 1050 2554 1133 2633; x_wconf 90' lang='lat' dir='ltr'>fecit,</span> <span class='ocrx_word' id='word_1_163' title='bbox 1168 2555 1308 2619; x_wconf 90' lang='lat' dir='ltr'>omnium</span> 
     </span>
     <span class='ocr_line' id='line_1_22' title="bbox 178 2651 1306 2742; baseline -0.004 -17"><span class='ocrx_word' id='word_1_164' title='bbox 178 2658 322 2741; x_wconf 86' lang='lat' dir='ltr'>gentium</span> <span class='ocrx_word' id='word_1_165' title='bbox 350 2662 480 2741; x_wconf 88' lang='lat' dir='ltr'>patrem.</span> <span class='ocrx_word' id='word_1_166' title='bbox 519 2658 609 2725; x_wconf 90' lang='lat' dir='ltr'>Iesus</span> <span class='ocrx_word' id='word_1_167' title='bbox 637 2676 709 2742; x_wconf 86' lang='lat' dir='ltr'>ergo</span> <span class='ocrx_word' id='word_1_168' title='bbox 738 2656 839 2723; x_wconf 86' lang='lat' dir='ltr'>dictos</span> <span class='ocrx_word' id='word_1_169' title='bbox 869 2657 918 2721; x_wconf 90' lang='lat' dir='ltr'>est</span> <span class='ocrx_word' id='word_1_170' title='bbox 939 2658 1005 2722; x_wconf 87' lang='lat' dir='ltr'>Rex</span> <span class='ocrx_word' id='word_1_171' title='bbox 1027 2651 1223 2739; x_wconf 86' lang='lat' dir='ltr'>ludaeorum,</span> <span class='ocrx_word' id='word_1_172' title='bbox 1247 2675 1306 2726; x_wconf 92' lang='lat' dir='ltr'>non</span> 
     </span>
     <span class='ocr_line' id='line_1_23' title="bbox 178 2759 1308 2844; baseline -0.002 -16"><span class='ocrx_word' id='word_1_173' title='bbox 178 2764 304 2830; x_wconf 88' lang='lat' dir='ltr'>tantum</span> <span class='ocrx_word' id='word_1_174' title='bbox 334 2762 554 2844; x_wconf 89' lang='lat' dir='ltr'>praesentium,</span> <span class='ocrx_word' id='word_1_175' title='bbox 584 2761 639 2825; x_wconf 90' lang='lat' dir='ltr'>sed</span> <span class='ocrx_word' id='word_1_176' title='bbox 668 2760 765 2825; x_wconf 88' lang='lat' dir='ltr'>etiam</span> <span class='ocrx_word' id='word_1_177' title='bbox 795 2760 980 2835; x_wconf 80' lang='lat' dir='ltr'>futurorum,</span> <span class='ocrx_word' id='word_1_178' title='bbox 1014 2760 1089 2842; x_wconf 89' lang='lat' dir='ltr'>quia</span> <span class='ocrx_word' id='word_1_179' title='bbox 1120 2759 1308 2827; x_wconf 86' lang='lat' dir='ltr'>naturaliter</span> 
     </span>
    </p>
   </div>
   <div class='ocr_carea' id='block_1_3' title="bbox 178 3047 1307 3222">
    <p class='ocr_par' dir='ltr' id='par_1_3' title="bbox 178 3047 1307 3222">
     <span class='ocr_line' id='line_1_24' title="bbox 232 3047 1307 3117; baseline -0.001 -15"><span class='ocrx_word' id='word_1_180' title='bbox 232 3053 246 3103; x_wconf 95' lang='lat'>1</span> <span class='ocrx_word' id='word_1_181' title='bbox 270 3049 439 3103; x_wconf 82' lang='lat' dir='ltr'>hierosolima</span> <span class='ocrx_word' id='word_1_182' title='bbox 462 3050 506 3114; x_wconf 85' lang='grc' dir='ltr'>Η,</span> <span class='ocrx_word' id='word_1_183' title='bbox 537 3049 709 3117; x_wconf 69' lang='lat' dir='ltr'>hierosolima</span> <span class='ocrx_word' id='word_1_184' title='bbox 731 3048 759 3102; x_wconf 99' lang='grc' dir='ltr'>Β</span> <span class='ocrx_word' id='word_1_185' title='bbox 862 3047 1044 3116; x_wconf 75' lang='lat' dir='ltr'>apostolorum</span> <span class='ocrx_word' id='word_1_186' title='bbox 1067 3063 1102 3101; x_wconf 78' lang='lat' dir='ltr'>aa</span> <span class='ocrx_word' id='word_1_187' title='bbox 1125 3047 1307 3116; x_wconf 88' lang='lat' dir='ltr'>apostolurum</span> 
     </span>
     <span class='ocr_line' id='line_1_25' title="bbox 178 3148 1307 3222; baseline -0.004 -15"><span class='ocrx_word' id='word_1_188' title='bbox 178 3154 206 3207; x_wconf 91' lang='lat' dir='ltr'><em>B</em></span> <span class='ocrx_word' id='word_1_189' title='bbox 309 3153 436 3222; x_wconf 62' lang='lat' dir='ltr'>iposset</span> <span class='ocrx_word' id='word_1_190' title='bbox 459 3153 518 3207; x_wconf 85' lang='lat' dir='ltr'>RH</span> <span class='ocrx_word' id='word_1_191' title='bbox 621 3168 675 3205; x_wconf 87' lang='lat' dir='ltr'>una</span> <span class='ocrx_word' id='word_1_192' title='bbox 691 3167 713 3205; x_wconf 86' lang='lat' dir='ltr'>e.</span> <span class='ocrx_word' id='word_1_193' title='bbox 731 3152 747 3205; x_wconf 87' lang='lat' dir='ltr'>l.</span> <span class='ocrx_word' id='word_1_194' title='bbox 766 3151 794 3205; x_wconf 95' lang='grc' dir='ltr'>Β</span> <span class='ocrx_word' id='word_1_195' title='bbox 897 3150 1027 3218; x_wconf 79' lang='lat' dir='ltr'>interptes</span> <span class='ocrx_word' id='word_1_196' title='bbox 1046 3150 1076 3203; x_wconf 92' lang='lat' dir='ltr'><em>B</em></span> <span class='ocrx_word' id='word_1_197' title='bbox 1177 3148 1254 3203; x_wconf 89' lang='lat' dir='ltr'>3hic</span> <span class='ocrx_word' id='word_1_198' title='bbox 1271 3150 1307 3217; x_wconf 91' lang='lat' dir='ltr'>B,</span> 
     </span>
    </p>
   </div>
   <div class='ocr_carea' id='block_1_4' title="bbox 178 3242 1240 3341">
    <p class='ocr_par' dir='ltr' id='par_1_4' title="bbox 178 3242 1240 3341">
     <span class='ocr_line' id='line_1_26' title="bbox 178 3242 1240 3341; baseline -0.001 -14"><span class='ocrx_word' id='word_1_199' title='bbox 178 3275 228 3329; x_wconf 90' lang='lat' dir='ltr'>hoc</span> <span class='ocrx_word' id='word_1_200' title='bbox 246 3273 365 3328; x_wconf 82' lang='lat' dir='ltr'>conlisa</span> <span class='ocrx_word' id='word_1_201' title='bbox 468 3273 617 3341; x_wconf 88' lang='lat' dir='ltr'>plurimum</span> <span class='ocrx_word' id='word_1_202' title='bbox 634 3272 676 3338; x_wconf 90' lang='grc' dir='ltr'>Β,</span> <span class='ocrx_word' id='word_1_203' title='bbox 701 3272 913 3341; x_wconf 86' lang='lat' dir='ltr'>plurimarumc</span> <span class='ocrx_word' id='word_1_204' title='bbox 1010 3242 1194 3335; x_wconf 50' lang='lat' dir='ltr'>sinscrssecem</span> <span class='ocrx_word' id='word_1_205' title='bbox 1212 3269 1240 3326; x_wconf 86' lang='grc' dir='ltr'>Β</span> 
     </span>
    </p>
   </div>
   <div class='ocr_carea' id='block_1_5' title="bbox 176 3360 1307 3875">
    <p class='ocr_par' dir='ltr' id='par_1_5' title="bbox 176 3360 1307 3875">
     <span class='ocr_line' id='line_1_27' title="bbox 177 3360 1240 3466; baseline -0.003 -16"><span class='ocrx_word' id='word_1_206' title='bbox 177 3398 251 3466; x_wconf 86' lang='lat' dir='ltr'>fulgi</span> <span class='ocrx_word' id='word_1_207' title='bbox 262 3398 288 3463; x_wconf 91' lang='lat'>1,</span> <span class='ocrx_word' id='word_1_208' title='bbox 307 3412 375 3451; x_wconf 68' lang='lat' dir='ltr'>aaa</span> <span class='ocrx_word' id='word_1_209' title='bbox 385 3396 455 3449; x_wconf 74' lang='lat' dir='ltr'>aaa</span> <span class='ocrx_word' id='word_1_210' title='bbox 535 3394 748 3450; x_wconf 64' lang='lat' dir='ltr'>reclinassem</span> <span class='ocrx_word' id='word_1_211' title='bbox 830 3395 899 3448; x_wconf 73' lang='lat' dir='ltr'>esec</span> <span class='ocrx_word' id='word_1_212' title='bbox 912 3393 1059 3448; x_wconf 69' lang='lat' dir='ltr'>eastern</span> <span class='ocrx_word' id='word_1_213' title='bbox 1140 3360 1240 3462; x_wconf 55' lang='lat' dir='ltr'>raqffn</span> 
     </span>
     <span class='ocr_line' id='line_1_28' title="bbox 176 3500 1241 3583; baseline -0.002 -27"><span class='ocrx_word' id='word_1_214' title='bbox 176 3502 250 3572; x_wconf 87' lang='lat' dir='ltr'>qnod</span> <span class='ocrx_word' id='word_1_215' title='bbox 275 3518 291 3555; x_wconf 89' lang='lat' dir='ltr'>o</span> <span class='ocrx_word' id='word_1_216' title='bbox 394 3502 410 3554; x_wconf 93' lang='grc'><strong>6</strong></span> <span class='ocrx_word' id='word_1_217' title='bbox 437 3500 505 3556; x_wconf 89' lang='lat' dir='ltr'>illud</span> <span class='ocrx_word' id='word_1_218' title='bbox 531 3516 581 3556; x_wconf 78' lang='lat' dir='ltr'>ora.</span> <span class='ocrx_word' id='word_1_219' title='bbox 609 3500 643 3578; x_wconf 79' lang='grc' dir='ltr'>Β</span> <span class='ocrx_word' id='word_1_220' title='bbox 743 3500 882 3570; x_wconf 86' lang='lat' dir='ltr'>siqnidem}</span> <span class='ocrx_word' id='word_1_221' title='bbox 909 3516 966 3554; x_wconf 82' lang='lat' dir='ltr'>raa.</span> <span class='ocrx_word' id='word_1_222' title='bbox 988 3502 1059 3555; x_wconf 83' lang='lat'>4-5</span> <span class='ocrx_word' id='word_1_223' title='bbox 1081 3500 1130 3554; x_wconf 80' lang='lat' dir='ltr'>litt.</span> <span class='ocrx_word' id='word_1_224' title='bbox 1155 3501 1186 3583; x_wconf 78' lang='lat' dir='ltr'>ia</span> <span class='ocrx_word' id='word_1_225' title='bbox 1209 3500 1241 3554; x_wconf 88' lang='grc' dir='ltr'><em>Η</em></span> 
     </span>
     <span class='ocr_line' id='line_1_29' title="bbox 179 3603 1307 3674; baseline -0.002 -15"><span class='ocrx_word' id='word_1_226' title='bbox 179 3607 194 3660; x_wconf 84' lang='lat' dir='ltr'>‘l</span> <span class='ocrx_word' id='word_1_227' title='bbox 222 3603 380 3674; x_wconf 87' lang='lat' dir='ltr'>signabatur</span> <span class='ocrx_word' id='word_1_228' title='bbox 405 3604 432 3658; x_wconf 92' lang='lat' dir='ltr'><em>B</em></span> <span class='ocrx_word' id='word_1_229' title='bbox 544 3619 740 3671; x_wconf 89' lang='lat' dir='ltr'>regem-eum</span> <span class='ocrx_word' id='word_1_230' title='bbox 763 3619 813 3659; x_wconf 75' lang='lat' dir='ltr'>oca.</span> <span class='ocrx_word' id='word_1_231' title='bbox 831 3620 861 3669; x_wconf 86' lang='lat' dir='ltr'>n,</span> <span class='ocrx_word' id='word_1_232' title='bbox 889 3604 949 3669; x_wconf 80' lang='lat' dir='ltr'>fere</span> <span class='ocrx_word' id='word_1_233' title='bbox 971 3619 1039 3657; x_wconf 80' lang='lat' dir='ltr'>cras.</span> <span class='ocrx_word' id='word_1_234' title='bbox 1060 3604 1091 3657; x_wconf 77' lang='lat' dir='ltr'>aa</span> <span class='ocrx_word' id='word_1_235' title='bbox 1114 3603 1149 3657; x_wconf 87' lang='lat' dir='ltr'><em>H</em></span> <span class='ocrx_word' id='word_1_236' title='bbox 1247 3620 1307 3657; x_wconf 91' lang='lat' dir='ltr'>eum</span> 
     </span>
     <span class='ocr_line' id='line_1_30' title="bbox 179 3706 1236 3778; baseline -0.003 -15"><span class='ocrx_word' id='word_1_237' title='bbox 179 3726 267 3778; x_wconf 90' lang='lat' dir='ltr'>regem</span> <span class='ocrx_word' id='word_1_238' title='bbox 281 3709 309 3762; x_wconf 93' lang='lat' dir='ltr'><strong><em>B</em></strong></span> <span class='ocrx_word' id='word_1_239' title='bbox 395 3709 412 3761; x_wconf 83' lang='lat'><strong>9</strong></span> <span class='ocrx_word' id='word_1_240' title='bbox 424 3707 574 3777; x_wconf 62' lang='lat' dir='ltr'>specialitas</span> <span class='ocrx_word' id='word_1_241' title='bbox 585 3707 624 3772; x_wconf 89' lang='lat' dir='ltr'>H,</span> <span class='ocrx_word' id='word_1_242' title='bbox 648 3707 751 3775; x_wconf 89' lang='lat' dir='ltr'>spiciali</span> <span class='ocrx_word' id='word_1_243' title='bbox 763 3708 799 3773; x_wconf 90' lang='lat' dir='ltr'>B,</span> <span class='ocrx_word' id='word_1_244' title='bbox 823 3706 932 3776; x_wconf 85' lang='lat' dir='ltr'>speciali</span> <span class='ocrx_word' id='word_1_245' title='bbox 944 3710 985 3761; x_wconf 88' lang='lat' dir='ltr'>ter</span> <span class='ocrx_word' id='word_1_246' title='bbox 997 3706 1117 3777; x_wconf 73' lang='lat' dir='ltr'>Ludwig</span> <span class='ocrx_word' id='word_1_247' title='bbox 1129 3708 1160 3761; x_wconf 83' lang='lat' dir='ltr'>a‘c</span> <span class='ocrx_word' id='word_1_248' title='bbox 1172 3706 1236 3761; x_wconf 82' lang='lat' dir='ltr'>eda.</span> 
     </span>
     <span class='ocr_line' id='line_1_31' title="bbox 178 3809 1237 3875; baseline -0.002 -10"><span class='ocrx_word' id='word_1_249' title='bbox 178 3811 470 3866; x_wconf 86' lang='lat' dir='ltr'>creatura-uniuersa</span> <span class='ocrx_word' id='word_1_250' title='bbox 487 3811 514 3864; x_wconf 92' lang='grc' dir='ltr'>Β</span> <span class='ocrx_word' id='word_1_251' title='bbox 608 3811 641 3865; x_wconf 89' lang='grc'>12</span> <span class='ocrx_word' id='word_1_252' title='bbox 657 3809 786 3864; x_wconf 83' lang='lat' dir='ltr'>amissum</span> <span class='ocrx_word' id='word_1_253' title='bbox 804 3810 891 3875; x_wconf 86' lang='lat' dir='ltr'>RHI,</span> <span class='ocrx_word' id='word_1_254' title='bbox 922 3809 1237 3864; x_wconf 78' lang='lat' dir='ltr'>admissnmcorr.1wr.</span> 
     </span>
    </p>
   </div>
   <div class='ocr_carea' id='block_1_6' title="bbox 177 3903 1306 4413">
    <p class='ocr_par' dir='ltr' id='par_1_6' title="bbox 177 3903 1306 4413">
     <span class='ocr_line' id='line_1_32' title="bbox 179 3903 1305 3984; baseline -0.004 -15"><span class='ocrx_word' id='word_1_255' title='bbox 179 3916 243 3983; x_wconf 85' lang='lat' dir='ltr'>qnia</span> <span class='ocrx_word' id='word_1_256' title='bbox 260 3915 295 3978; x_wconf 87' lang='grc' dir='ltr'>Β,</span> <span class='ocrx_word' id='word_1_257' title='bbox 326 3929 384 3981; x_wconf 66' lang='lat' dir='ltr'>qm</span> <span class='ocrx_word' id='word_1_258' title='bbox 401 3914 440 3977; x_wconf 88' lang='lat' dir='ltr'>H,</span> <span class='ocrx_word' id='word_1_259' title='bbox 470 3903 530 3981; x_wconf 77' lang='lat' dir='ltr'>qui*</span> <span class='ocrx_word' id='word_1_260' title='bbox 545 3913 574 3967; x_wconf 91' lang='grc' dir='ltr'>Β</span> <span class='ocrx_word' id='word_1_261' title='bbox 589 3919 617 3981; x_wconf 89' lang='lat' dir='ltr'>(a</span> <span class='ocrx_word' id='word_1_262' title='bbox 627 3931 662 3968; x_wconf 86' lang='lat' dir='ltr'>m.</span> <span class='ocrx_word' id='word_1_263' title='bbox 675 3918 712 3982; x_wconf 82' lang='lat'>2),</span> <span class='ocrx_word' id='word_1_264' title='bbox 739 3912 855 3983; x_wconf 87' lang='lat' dir='ltr'>aquaeI,</span> <span class='ocrx_word' id='word_1_265' title='bbox 882 3915 929 3981; x_wconf 85' lang='lat' dir='ltr'>qui</span> <span class='ocrx_word' id='word_1_266' title='bbox 947 3914 1016 3981; x_wconf 79' lang='lat' dir='ltr'>Iar,</span> <span class='ocrx_word' id='word_1_267' title='bbox 1049 3912 1160 3984; x_wconf 69' lang='lat' dir='ltr'>clieta</span> <span class='ocrx_word' id='word_1_268' title='bbox 1189 3912 1260 3981; x_wconf 86' lang='lat' dir='ltr'>quod</span> <span class='ocrx_word' id='word_1_269' title='bbox 1279 3928 1305 3965; x_wconf 86' lang='lat' dir='ltr'>se</span> 
     </span>
     <span class='ocr_line' id='line_1_33' title="bbox 177 3998 1241 4068; baseline -0.001 -14"><span class='ocrx_word' id='word_1_270' title='bbox 177 4002 295 4067; x_wconf 75' lang='lat' dir='ltr'>fortassee</span> <span class='ocrx_word' id='word_1_271' title='bbox 311 4000 413 4054; x_wconf 75' lang='lat' dir='ltr'>recatus</span> <span class='ocrx_word' id='word_1_272' title='bbox 428 3999 500 4053; x_wconf 76' lang='lat' dir='ltr'>Gau.</span> <span class='ocrx_word' id='word_1_273' title='bbox 596 4016 623 4053; x_wconf 89' lang='lat' dir='ltr'>se</span> <span class='ocrx_word' id='word_1_274' title='bbox 635 4016 759 4068; x_wconf 82' lang='lat' dir='ltr'>regemn</span> <span class='ocrx_word' id='word_1_275' title='bbox 857 4000 890 4053; x_wconf 87' lang='lat'>13</span> <span class='ocrx_word' id='word_1_276' title='bbox 909 3998 1065 4068; x_wconf 60' lang='lat' dir='ltr'>designatae</span> <span class='ocrx_word' id='word_1_277' title='bbox 1078 3999 1098 4065; x_wconf 90' lang='lat' dir='ltr'>(i</span> <span class='ocrx_word' id='word_1_278' title='bbox 1110 4001 1189 4062; x_wconf 83' lang='lat' dir='ltr'>erae.)</span> <span class='ocrx_word' id='word_1_279' title='bbox 1208 3999 1241 4053; x_wconf 86' lang='grc' dir='ltr'><em>Η</em></span> 
     </span>
     <span class='ocr_line' id='line_1_34' title="bbox 180 4085 1306 4155; baseline -0.002 -15"><span class='ocrx_word' id='word_1_280' title='bbox 180 4087 214 4140; x_wconf 89' lang='grc'>14</span> <span class='ocrx_word' id='word_1_281' title='bbox 232 4102 358 4155; x_wconf 88' lang='lat' dir='ltr'>exponere</span> <span class='ocrx_word' id='word_1_282' title='bbox 375 4086 425 4141; x_wconf 87' lang='lat' dir='ltr'>Bc</span> <span class='ocrx_word' id='word_1_283' title='bbox 512 4086 545 4139; x_wconf 90' lang='lat'>16</span> <span class='ocrx_word' id='word_1_284' title='bbox 562 4086 634 4155; x_wconf 88' lang='lat' dir='ltr'>quia]</span> <span class='ocrx_word' id='word_1_285' title='bbox 652 4091 698 4155; x_wconf 79' lang='lat' dir='ltr'>qm</span> <span class='ocrx_word' id='word_1_286' title='bbox 715 4086 743 4140; x_wconf 87' lang='grc' dir='ltr'>Β</span> <span class='ocrx_word' id='word_1_287' title='bbox 837 4085 1017 4154; x_wconf 75' lang='lat' dir='ltr'>l&#39;l‘religione</span> <span class='ocrx_word' id='word_1_288' title='bbox 1033 4086 1069 4140; x_wconf 90' lang='lat' dir='ltr'><strong><em>H</em></strong></span> <span class='ocrx_word' id='word_1_289' title='bbox 1157 4086 1189 4139; x_wconf 89' lang='lat'>18</span> <span class='ocrx_word' id='word_1_290' title='bbox 1206 4085 1306 4139; x_wconf 87' lang='lat' dir='ltr'>meruit</span> 
     </span>
     <span class='ocr_line' id='line_1_35' title="bbox 178 4170 1305 4241; baseline -0.003 -14"><span class='ocrx_word' id='word_1_291' title='bbox 178 4170 207 4227; x_wconf 83' lang='lat' dir='ltr'><em>P</em></span> <span class='ocrx_word' id='word_1_292' title='bbox 310 4173 343 4226; x_wconf 88' lang='grc'>19</span> <span class='ocrx_word' id='word_1_293' title='bbox 366 4172 513 4226; x_wconf 83' lang='lat' dir='ltr'>habraham</span> <span class='ocrx_word' id='word_1_294' title='bbox 534 4173 563 4227; x_wconf 91' lang='grc' dir='ltr'>Β</span> <span class='ocrx_word' id='word_1_295' title='bbox 664 4171 794 4238; x_wconf 88' lang='lat' dir='ltr'>incipito</span> <span class='ocrx_word' id='word_1_296' title='bbox 899 4171 940 4226; x_wconf 89' lang='lat' dir='ltr'>dei</span> <span class='ocrx_word' id='word_1_297' title='bbox 960 4188 994 4226; x_wconf 80' lang='lat' dir='ltr'>cac</span> <span class='ocrx_word' id='word_1_298' title='bbox 1012 4171 1059 4225; x_wconf 87' lang='lat' dir='ltr'>deo</span> <span class='ocrx_word' id='word_1_299' title='bbox 1076 4172 1144 4227; x_wconf 92' lang='lat' dir='ltr'>B.</span> <span class='ocrx_word' id='word_1_300' title='bbox 1205 4171 1305 4241; x_wconf 89' lang='lat' dir='ltr'>filium]</span> 
     </span>
     <span class='ocr_line' id='line_1_36' title="bbox 179 4256 1305 4328; baseline 0 -15"><span class='ocrx_word' id='word_1_301' title='bbox 179 4259 326 4328; x_wconf 76' lang='lat' dir='ltr'>populoso</span> <span class='ocrx_word' id='word_1_302' title='bbox 411 4259 558 4327; x_wconf 86' lang='lat' dir='ltr'>nuncupari</span> <span class='ocrx_word' id='word_1_303' title='bbox 575 4257 655 4313; x_wconf 88' lang='lat' dir='ltr'>HBc</span> <span class='ocrx_word' id='word_1_304' title='bbox 748 4257 783 4311; x_wconf 89' lang='grc'>20</span> <span class='ocrx_word' id='word_1_305' title='bbox 800 4256 930 4325; x_wconf 83' lang='lat' dir='ltr'>promisse</span> <span class='ocrx_word' id='word_1_306' title='bbox 947 4257 979 4310; x_wconf 92' lang='grc' dir='ltr'><em>Η</em></span> <span class='ocrx_word' id='word_1_307' title='bbox 1070 4256 1103 4310; x_wconf 95' lang='grc'>21</span> <span class='ocrx_word' id='word_1_308' title='bbox 1123 4257 1195 4326; x_wconf 88' lang='lat' dir='ltr'>ergo]</span> <span class='ocrx_word' id='word_1_309' title='bbox 1215 4260 1305 4313; x_wconf 81' lang='lat' dir='ltr'>autom</span> 
     </span>
     <span class='ocr_line' id='line_1_37' title="bbox 179 4342 1237 4413; baseline -0.001 -15"><span class='ocrx_word' id='word_1_310' title='bbox 179 4343 214 4398; x_wconf 88' lang='lat' dir='ltr'><strong><em>H</em></strong></span> <span class='ocrx_word' id='word_1_311' title='bbox 304 4360 348 4397; x_wconf 84' lang='lat' dir='ltr'>rex</span> <span class='ocrx_word' id='word_1_312' title='bbox 365 4343 453 4398; x_wconf 88' lang='lat' dir='ltr'>dictus</span> <span class='ocrx_word' id='word_1_313' title='bbox 471 4347 512 4397; x_wconf 85' lang='lat' dir='ltr'>est</span> <span class='ocrx_word' id='word_1_314' title='bbox 530 4344 558 4399; x_wconf 87' lang='lat' dir='ltr'><em>R</em></span> <span class='ocrx_word' id='word_1_315' title='bbox 652 4343 686 4397; x_wconf 88' lang='grc'>22</span> <span class='ocrx_word' id='word_1_316' title='bbox 703 4343 777 4413; x_wconf 86' lang='lat' dir='ltr'>qnia]</span> <span class='ocrx_word' id='word_1_317' title='bbox 798 4345 844 4412; x_wconf 80' lang='lat' dir='ltr'>qni</span> <span class='ocrx_word' id='word_1_318' title='bbox 861 4342 942 4398; x_wconf 74' lang='lat' dir='ltr'>Eae</span> <span class='ocrx_word' id='word_1_319' title='bbox 1036 4342 1169 4399; x_wconf 86' lang='lat' dir='ltr'>naturalis</span> <span class='ocrx_word' id='word_1_320' title='bbox 1186 4342 1237 4397; x_wconf 87' lang='lat' dir='ltr'>Bo</span> 
     </span>
    </p>
   </div>
   <div class='ocr_carea' id='block_1_7' title="bbox 0 0 1576 5034">
    <p class='ocr_par' dir='ltr' id='par_1_7' title="bbox 0 0 1576 5034">
     <span class='ocr_line' id='line_1_38' title="bbox 0 0 1576 5034; baseline 0 0"><span class='ocrx_word' id='word_1_321' title='bbox 0 0 1576 5034; x_wconf 95' lang='lat' dir='ltr'> </span> 
     </span>
    </p>
   </div>
  </div>
 </body>
</html>
