3142 5034
538 447 689 536 Remigii
711 447 892 515 expositio.
1217 449 1280 516 339

149 641 164 699 f
168 656 283 702 unere
299 639 325 699 ·i·
339 640 369 698 in
386 639 473 698 dubia
488 640 591 702 morte.
612 639 770 699 Afuuibus
785 640 871 700 funus
887 656 962 700 mors
978 639 1091 704 dicitur.
1108 635 1239 724 (dunas)
1254 640 1281 700 ·i·
1290 672 1311 704 v.
1325 663 1402 705 sa-ee

149 746 296 816 candelae,
311 743 448 804 andalae
461 745 532 802 sunt
547 743 631 802 funes
645 759 713 802 cera
728 744 821 804 obliti.
856 743 1058 818 coquebat,
1075 743 1143 817 quia
1156 745 1283 819 primum

148 846 259 920 frigida
280 848 326 906 est
347 845 448 920 febris,
478 847 581 921 postea
609 846 712 906 calida.
757 847 916 908 Fontem
940 846 1012 906 dicit
1033 848 1117 908 fidem
1140 849 1279 926 moliaris,

149 968 223 1025 quae
253 953 283 1010 in
305 951 397 1010 corde
423 949 543 1010 latebat.
587 950 671 1010 Iros
702 951 730 1008 ·i·
753 951 921 1012 uexationes
950 950 1090 1026 nigrorum
1118 950 1199 1024 dicit,
1221 966 1281 1011 nou

125 1055 225 1128 aquod
248 1053 370 1127 spiritus
398 1052 477 1128 nigri
506 1055 584 1125 eunt,
613 1070 668 1113 uon
692 1055 768 1113 anim
792 1054 896 1114 accidit
924 1055 1003 1114 color
1024 1053 1082 1114 uisi
1105 1054 1281 1129 corporibus,

149 1157 216 1217 sed·
235 1157 337 1231 nigros
366 1157 488 1217 dicimus
517 1157 666 1216 dummtcs
695 1157 743 1218 uel
774 1159 902 1218 mortuos
931 1175 949 1216 a
977 1174 1090 1232 graeco,
1128 1157 1203 1232 quod
1235 1158 1281 1217 est

149 1263 258 1341 micros,
286 1262 316 1320 et
341 1260 461 1334 maligui
490 1259 613 1335 spiritus
643 1263 762 1335 propter
789 1259 1004 1334 malignitatem
1034 1261 1171 1321 dicuntur
1191 1257 1279 1333 nigri,

150 1363 219 1438 quia
240 1363 310 1423 licet
331 1362 542 1439 perpetualiter
563 1363 677 1436 uiuunt,
701 1365 797 1423 tamen
820 1364 923 1423 mortui
947 1366 1016 1424 sunt
1030 1363 1164 1424 felicitati
1185 1364 1278 1422 aeter·

149 1485 212 1528 nae.
257 1466 437 1527 Honorem
471 1468 543 1529 dicit
571 1467 723 1540 bominem,
750 1466 820 1539 qnia
847 1465 930 1526 homo
959 1467 1049 1528 honor
1082 1467 1126 1526 est
1154 1465 1281 1526 omniurn

114 1574 326 1646 ronatnrarum‚
350 1588 401 1645 par
423 1571 505 1631 illum
520 1571 596 1631 euim
612 1572 709 1630 omnia
727 1571 916 1633 honorantur.
952 1571 1069 1630 Norat
1082 1587 1115 1628 ·s·
1131 1569 1280 1643 Christum

150 1674 282 1735 diabolus
310 1675 468 1736 secundum
497 1674 690 1736 substantiam
720 1675 765 1734 dei
794 1677 848 1751 est,
878 1674 947 1749 quia
975 1675 1038 1749 ipse
1069 1691 1132 1734 eum
1159 1674 1279 1746 creauit,

150 1781 308 1838 secuudum
331 1778 480 1838 autemid
509 1778 587 1863 quod¹
607 1778 701 1839 malus
725 1780 782 1852 est,
805 1794 862 1836 non
886 1779 931 1838 est
954 1777 1010 1853 dei,
1034 1777 1101 1850 quia
1124 1778 1193 1836 deus
1215 1793 1278 1836 eom

148 1882 255 1942 bonum
283 1883 394 1942 creauit
421 1884 452 1941 et
479 1884 582 1942 ennete
604 1883 690 1942 ualde
716 1885 793 1942 bona
814 1881 894 1942 feeit.
938 1881 1102 1942 Arentes
1126 1881 1232 1956 algas
1253 1881 1280 1940 ·i·

150 1986 245 2046 siccas
262 1985 377 2045 herbas.
410 1986 503 2060 Algae
518 1986 652 2045 dicuutur
673 1989 866 2060 purgamenta
887 1984 990 2044 matris
1013 1985 1061 2044 uel
1083 1983 1204 2044 alicuius
1226 1983 1279 2058 rei,

113 2089 214 2154 raideo
236 2091 347 2148 marina
361 2088 425 2149 loca
437 2090 533 2164 petiit,
556 2093 597 2196 ut
611 2090 653 2150 ibi
675 2089 805 2165 quisquis
828 2090 911 2149 deum
932 2105 1034 2149 uerum
1057 2103 1119 2148 esse
1134 2089 1280 2148 monstre-

149 2195 205 2252 ret.
257 2191 411 2268 cymbae
448 2192 474 2251 .i·
511 2193 671 2254 nauiculae.
717 2192 824 2266 Gymba
867 2208 988 2266 graece,
1032 2192 1134 2273 cumba
1177 2191 1278 2251 latine.

148 2295 356 2356 Librabant
371 2294 398 2354 ·i·
414 2295 583 2373 tendebant,
600 2294 812 2355 modificabaut.
842 2293 964 2355 librare
979 2295 1095 2370 proprie
1111 2295 1155 2353 aet
1170 2293 1280 2368 aliquid

148 2398 179 2458 in
202 2397 293 2457 altum
315 2397 479 2458 extendere.
523 2397 633 2457 Ratis
655 2397 770 2473 proprie
793 2400 837 2458 est
859 2399 1053 2458 incastratura
1079 2397 1204 2458 trabium
1232 2398 1280 2458 uel

149 2503 246 2561 strues
274 2501 428 2575 lignorum.
473 2500 627 2560 Flabris
658 2501 686 2560 ·i·
708 2502 815 2574 nantia,
845 2501 913 2560 inde
941 2499 1087 2561 flabellum
1110 2500 1280 2586 diminutius

113 2620 256 2677 „paruus
284 2607 398 2666 uentus.
443 2605 576 2681 Hyems
605 2607 648 2665 eet
677 2609 782 2679 quarta
808 2622 878 2681 pars
908 2604 987 2677 anni,
1015 2603 1066 2664 sed
1087 2605 1206 2665 abusiua
1228 2620 1280 2678 pro

148 2711 322 2782 tempestate
355 2709 483 2783 ponitur.
528 2709 719 2770 Prooellis
742 2711 768 2768 ·i·
792 2708 907 2783 magnis
936 2709 1038 2780 undis;
1073 2707 1202 2784 procelle
1235 2711 1281 2766 est

148 2814 253 2870 uentus
275 2829 339 2872 cum
369 2829 444 2886 aqua
470 2813 588 2872 mixtus.
631 2813 734 2873 Vada
755 2813 854 2872 salsa
879 2811 906 2870 ·i·
931 2811 1044 2871 saliuae
1066 2827 1158 2884 aquae
1181 2813 1279 2888 maris.

147 2914 297 2974 Poeticum
318 2917 363 2974 est
385 2916 462 2989 quod
484 2915 555 2975 dicit
576 2917 694 2990 salsum,
719 2917 786 2990 quia
808 2932 887 2974 mare
911 2913 1040 2975 Galilaea
1061 2914 1173 2974 dulcem
1192 2914 1280 2974 habet

148 3035 263 3092 equam,
300 3018 425 3079 habilem
459 3021 495 3078 ad
527 3019 683 3093 potandum
704 3036 736 3078 ·s·
759 3019 822 3079 ideo
857 3017 927 3078 dicit
960 3018 1023 3092 hoc,
1057 3017 1125 3092 quia
1157 3034 1279 3091 garrera-

109 3120 215 3184 naliter
238 3121 345 3181 dicitur
366 3125 403 3182 ab
425 3122 630 3196 amaritudine,
652 3124 681 3182 et
702 3122 849 3183 sciendum
871 3122 940 3196 quia
954 3120 1154 3206 nauigationes
1170 3120 1279 3180 domini

146 3225 177 3284 in
215 3226 288 3285 mari
324 3226 416 3286 fuisse
453 3225 579 3287 Gableae
615 3227 759 3289 dicuntur.
808 3224 1020 3299 Naufragio
1052 3226 1080 3284 i.
1117 3222 1281 3301 periculosa

124 3327 292 3407 ⁸putabant
305 3346 337 3389 se
353 3328 509 3402 naufragia
523 3343 670 3402 passuros.
703 3329 870 3389 Dormire
889 3330 933 3388 est
948 3329 1106 3403 quiescere,
1123 3327 1279 3388 dormitare

147 3434 215 3490 aute
245 3431 371 3504 quietem
403 3431 546 3506 pigritare
581 3435 611 3494 et
644 3433 841 3493 somniculari.
888 3432 992 3493 ditus
1025 3431 1051 3490 ·i·
1084 3431 1157 3508 cit03
1191 3431 1280 3492 uerba

146 3535 341 3606 turbatorum,
363 3533 392 3592 iu
416 3536 542 3595 turbatis
566 3536 644 3595 enim
666 3553 725 3596 nou
754 3537 801 3596 est
826 3535 982 3596 continuos
1005 3551 1099 3594 sermo
1122 3535 1171 3594 sed
1193 3551 1279 3608 sapa·

110 3639 239 3701 aoratos.
284 3636 468 3698 Exiliens
501 3638 528 3696 ·i·
560 3641 690 3711 gaudens
727 3641 849 3714 propter
883 3638 1037 3701 Christum.
1081 3637 1224 3698 Anides
1252 3637 1280 3696 ·i·

147 3739 277 3813 cupidas.
321 3741 469 3801 Pennas
485 3741 621 3801 dicuntur
634 3743 744 3802 habere
758 3742 842 3801 uenti
856 3743 974 3817 propter
990 3759 1070 3802 suam
1085 3740 1279 3804 uelocitatem.

145 3841 364 3901 Prosiluere
386 3843 415 3901 ·i·
439 3861 503 3903 com
529 3845 638 3919 impetu
660 3845 831 3918 exilierunt3
865 3845 1006 3918 gemino
1030 3844 1112 3916 dixit,
1135 3842 1202 3918 quia
1225 3843 1279 3903 duo

147 3947 238 4005 eraut.
262 3945 358 4006 Mala
373 3965 403 4006 ·s·
419 3947 570 4022 supplicia.
586 3947 707 4020 Legio.
722 3947 810 4022 Legio
825 3951 869 4008 est
880 3941 922 4009 'ui
932 3982 938 3996 ·
948 3947 989 4009 dc
1000 3961 1064 4008 -ux
1078 3961 1115 4007 VI
1130 3947 1278 4020 demones3

146 4048 223 4121 legio
251 4049 337 4109 keras
366 4050 472 4110 dicitur
493 4068 604 4124 graece,
635 4052 813 4111 macedonica
834 4051 971 4125 phalanx.
1015 4051 1180 4126 Duplex,
1211 4051 1280 4124 quia

109 4151 270 4216 sainteriue
299 4155 383 4211 erant
413 4154 545 4214 demones
574 4154 702 4228 peruaai,
727 4153 854 4213 exterius
882 4151 1007 4212 uinculis
1041 4152 1162 4213 inretit'.
1207 4153 1279 4213 Pro

200 4300 213 4353 1
238 4301 374 4370 candelam
396 4302 423 4355 A
527 4302 652 4356 inilrroe
670 4301 850 4372 Δ--νεκρός
867 4301 902 4367 ef.
917 4317 949 4370 p.
967 4305 1029 4368 346,
1048 4305 1066 4356 3
1170 4303 1204 4358 26
1221 4303 1281 4356 iuer

145 4386 178 4439 ia
195 4401 248 4456 mp.
266 4387 294 4440 A
398 4386 432 4442 33
450 4387 601 4457 sexingenti
618 4389 650 4442 ta
665 4405 718 4459 mg.
736 4389 763 4442 A
866 4387 901 4442 34
918 4389 981 4442 kere
999 4389 1026 4442 A
1272 4413 1273 4416 ¹

1120 4492 1176 4546 22*
