3142 5034
532 410 683 492 Remigii
705 422 884 490 expositio.
1209 418 1271 485 317

140 620 216 681 stus.
263 616 445 690 Pelagus,
481 614 604 691 pelagus
642 615 747 675 dieitur
783 614 967 690 profunditas
1003 614 1100 687 maris,
1138 613 1190 673 sed
1225 610 1274 672 hie
1303 666 1306 674 .

140 736 193 795 pro
235 718 436 795 profunditate
478 718 643 779 dninitatis
684 718 810 793 ponitur.
869 716 969 793 Tyro,
1013 715 1145 777 nouellus
1190 715 1272 777 miles
1285 737 1307 779 n·
1321 729 1370 779 aa

141 825 172 883 et
194 822 286 895 rudis
309 822 360 899 qni
377 822 490 883 nouiter
505 824 542 883 ad
556 822 690 883 militiam
705 822 815 882 diruti
830 822 922 883 uenit
959 818 1107 897 lintre,
1123 819 1274 893 nanicula;

142 926 326 987 translatinis
355 926 454 987 uerbis
482 926 575 988 utitur·
597 925 625 984 ·i·
650 906 852 1001 metaphorice.
898 923 1033 997 Superius
1057 921 1131 982 dixit
1155 918 1273 983 ‘iumen-

116 1046 207 1091 ssum
229 1024 359 1104 pelagus’
383 1030 612 1105 profunditatem
640 1028 772 1104 mysterii
795 1026 951 1103 paschalis,
975 1026 1057 1085 modo
1080 1026 1151 1087 dicit
1175 1023 1275 1102 ‘parua

141 1127 240 1192 lintre'
270 1149 323 1207 pro
358 1129 456 1207 ‘paruo
489 1128 624 1207 iugenio'.
668 1132 898 1206 Expurgem,
932 1133 1081 1193 excusabo.
1126 1130 1209 1189 Modo
1244 1146 1274 1191 se

143 1236 261 1295 excmat
282 1237 356 1310 apud
379 1234 592 1308 Macedonium,
619 1235 745 1311 qualiter
772 1252 861 1296 ansus
895 1233 952 1293 fuit
983 1233 1114 1308 prosaice
1137 1234 1215 1292 hune
1237 1233 1275 1293 li·

143 1338 228 1398 brum
265 1356 448 1414 componere,
485 1341 551 1417 post
585 1340 714 1401 metrice.
757 1339 959 1417 Audacem,
996 1337 1273 1413 praesumptuosum.

144 1442 341 1516 Deuotum,
365 1443 512 1504 humilem.
556 1443 704 1502 Portum
725 1442 790 1501 ideo
812 1443 913 1517 pectus
937 1442 1093 1517 nuncupat,
1116 1439 1184 1514 quia
1200 1438 1276 1498 sieut

109 1544 174 1603 roin
206 1546 324 1618 portum
356 1536 472 1608 multae
498 1545 674 1606 conueniunt
707 1562 807 1618 naues,
840 1544 884 1603 ita
915 1546 944 1603 et
965 1545 996 1604 iu
1023 1546 1136 1618 pectore
1167 1542 1276 1603 multae

143 1649 288 1722 gerantur
310 1648 511 1722 cogitationes.
550 1647 577 1706 N
586 1647 802 1722 sufragium
822 1647 848 1706 ·i·
864 1648 973 1707 nullam
989 1647 1111 1707 heresim
1127 1645 1273 1707 incidisse.

143 1750 363 1830 occupatus,
378 1752 563 1815 detentus...
579 1751 659 1811 Non
673 1751 845 1811 utilitati
861 1753 886 1811 ·i·
904 1768 960 1811 nou
976 1751 1125 1819 doetrinae
1138 1747 1273 1825 spiritali.

144 1852 214 1913 Sed
237 1852 342 1913 inani
364 1854 393 1913 ·i·
415 1854 559 1915 maculari
581 1854 751 1929 sapientiae.
790 1853 1107 1929 Deprehenderem
1129 1851 1156 1911 ·i·
1178 1852 1274 1915 tribu-

144 1974 234 2017 erem.
279 1956 461 2030 Lusibus,
498 1958 582 2018 ludos
604 1958 689 2018 uocat
711 1953 875 2019 saecularia
898 1959 1036 2017 car-mina.
1081 1956 1275 2016 Fabrieam

110 2060 171 2119 rei·
195 2077 240 2119 me
262 2059 435 2121 fabricatum
466 2061 503 2120 ab
525 2078 567 2122 eo.
605 2059 802 2132 Gondiuit,
835 2059 943 2135 saliuit‚
967 2059 1100 2136 repleuit.
1138 2058 1277 2119 Oculos

143 2163 271 2223 cordis
293 2163 388 2223 uisum
408 2162 499 2226 animi
521 2164 600 2225 dicit
634 2162 750 2224 Dicitur·
771 2165 867 2223 summ
890 2162 988 2223 oculus
1011 2165 1093 2238 quasi
1115 2163 1192 2223 ocior
1214 2162 1273 2241 lux,

144 2264 220 2338 quod
249 2265 306 2325 cito
328 2266 443 2327 intenta
463 2268 610 2342 respiciat,
641 2267 703 2328 siue
725 2268 800 2343 quod
824 2266 970 2342 palpebris
988 2268 1186 2329 occulentibus
1208 2284 1275 2342 pro·

143 2370 230 2427 batur
267 2368 406 2431 occultus.
451 2370 597 2434 Sontes:
638 2372 739 2431 sentes
777 2373 848 2430 suut
884 2369 995 2446 spinae,
1034 2371 1101 2429 dum
1138 2370 1276 2430 similiter

145 2471 281 2532 dicuntur
308 2471 472 2534 truncatine
501 2473 604 2547 spinae
626 2475 657 2533 et
677 2473 833 2548 pluraliter
856 2472 1046 2548 declinantur,
1069 2473 1137 2533 inde
1165 2472 1275 2533 dumosi

108 2576 209 2647 magri
231 2574 260 2633 ·i·
283 2576 404 2649 spinosi.
449 2577 518 2637 Per
549 2579 682 2637 sentes
715 2576 863 2637 dumosi
899 2578 984 2651 agri
1010 2576 1112 2650 -iper
1144 2576 1275 2635 saecula·

145 2693 206 2736 rem
242 2676 415 2740 doctrinam.
461 2678 554 2740 Nisa
591 2679 617 2737 i·
655 2681 811 2739 conamine.
861 2678 1004 2739 Onltnur
1039 2678 1066 2737 ·i·
1099 2678 1276 2753 obsequium.

145 2781 333 2854 Procalla,
368 2780 579 2855 sollicitudin03
607 2783 736 2857 procella
758 2781 865 2843 dicitur
893 2782 1009 2841 undae
1037 2780 1217 2857 percellendo
1247 2781 1274 2841 ·i·
1288 2802 1310 2843 r·
1325 2795 1376 2844 aa

145 2882 341 2958 percutiendo,
370 2900 403 2944 eo
431 2884 507 2959 quod
536 2888 648 2945 mentes
677 2884 826 2945 hominum
855 2883 1003 2960 percellat.
1048 2885 1191 2957 aegros
1219 2902 1276 2945 au·

146 2986 294 3047 halitus
327 2987 355 3045 ·i·
389 2987 515 3061 suspiria
547 2986 682 3048 similiter
710 2988 785 3049 sieut
814 2989 843 3048 et
872 3004 934 3053 uos.
980 2985 1152 3057 Quamuis
1185 2986 1275 3061 ipsi:

112 3090 272 3150 nhouorat
308 3089 503 3149 Macedoniam
536 3090 636 3151 dicens
672 3086 744 3166 ‘ipsi'
775 3107 827 3164 pro
862 3085 951 3165 ‘ipse’.
995 3089 1208 3164 Igniculum
1241 3090 1276 3149 in

146 3212 212 3256 me:
238 3196 299 3267 uos,
322 3193 426 3268 inquit,
450 3193 587 3269 cogitatis
601 3210 647 3253 me
661 3193 768 3253 habere
783 3192 909 3267 aliquem
925 3192 1082 3267 igniculum
1097 3191 1276 3267 prudentiae.

148 3296 297 3357 Silicis:
333 3297 404 3357 silex
431 3299 478 3357 est
499 3300 582 3372 petra
604 3297 769 3371 durissima,
794 3316 828 3358 ex
850 3316 908 3373 qua
930 3298 1007 3372 ignis
1029 3298 1185 3371 egreditur.
1222 3295 1249 3353 N
1261 3313 1276 3356 e
1289 3322 1311 3363 p.
1325 3312 1377 3362 aa

147 3417 219 3461 uon
246 3416 408 3461 carerem
438 3400 466 3460 ·i·
494 3403 528 3463 nt
554 3418 614 3462 uon
642 3417 779 3463 carerem.
825 3402 1010 3461 creditam
1038 3403 1064 3461 ·i·
1087 3403 1184 3462 datam
1206 3402 1278 3461 nrilri

148 3521 167 3563 a
195 3506 266 3565 Deo.
309 3502 464 3577 Ingenium
493 3521 576 3565 suum
603 3506 688 3564 uocat
715 3504 912 3578 quantitatem
934 3504 1020 3564 unius
1044 3503 1165 3579 talenti3
1190 3522 1277 3565 enan·

114 3606 271 3681 aogelieam
304 3607 472 3682 parabolam
504 3608 611 3681 tangit,
644 3608 695 3667 ubi
728 3607 854 3671 dieitur:
891 3607 975 3669 homo
1009 3607 1126 3684 quidam
1159 3624 1278 3683 peregre

149 3709 337 3785 proficiscens
365 3712 480 3771 uocauit
508 3727 610 3772 seruos
638 3728 707 3771 suos
735 3727 759 3770 e.
790 3712 818 3772 d.
843 3711 871 3773 d.
900 3714 924 3771 t.
951 3729 978 3771 a.
1002 3712 1030 3773 d.
1054 3728 1082 3774 a.
1105 3728 1133 3774 u.
1158 3711 1213 3772 Per
1235 3710 1281 3773 ·V·

149 3810 261 3873 talenta
283 3812 325 3872 ·V·
349 3830 452 3875 sensus
479 3814 605 3888 corporis
637 3814 858 3889 intelleguntur,
889 3830 941 3887 per
970 3815 1024 3874 dno
1055 3814 1222 3881 intellectus
1249 3814 1282 3873 st

150 3916 290 3991 operatio,
312 3932 363 3990 per
386 3916 418 3975 ·I·
440 3914 605 3977 intellectus
628 3918 751 3988 tantum,
773 3918 843 3991 quia
858 3916 974 3991 quidam
991 3918 1059 3977 suut
1073 3918 1178 3992 quibus
1194 3918 1280 3977 datur

150 4016 317 4078 intellectus
339 4019 404 4098 siue
426 4020 521 4093 gratia
542 4019 689 4094 operandi.
733 4020 773 4081 Hi
803 4022 871 4081 sunt
893 4021 943 4095 qui
966 4020 1049 4094 qnasi
1072 4018 1184 4081 fodiunt
1206 4019 1279 4079 illud

200 4270 279 4324 8aa
301 4270 418 4341 postea?
537 4274 744 4342 psumptuosum
765 4274 794 4326 Δ
922 4273 953 4327 12
976 4271 1111 4344 eunucus]
1136 4271 1282 4341 werpes

151 4354 292 4425 incipiunt
