<?xml version="1.0" encoding="UTF-8"?>
<!DOCTYPE html PUBLIC "-//W3C//DTD XHTML 1.0 Transitional//EN"
    "http://www.w3.org/TR/xhtml1/DTD/xhtml1-transitional.dtd">
<html xmlns="http://www.w3.org/1999/xhtml" xml:lang="en" lang="en">
 <head>
  <title>
</title>
<meta http-equiv="Content-Type" content="text/html;charset=utf-8" />
  <meta name='ocr-system' content='tesseract 3.04.00' />
  <meta name='ocr-capabilities' content='ocr_page ocr_carea ocr_par ocr_line ocrx_word'/>
</head>
<body>
  <div class='ocr_page' id='page_1' title='image "./corpusscriptoru06wiengoog_0302.png"; bbox 0 0 3142 5034; ppageno 0'>
   <div class='ocr_carea' id='block_1_1' title="bbox 191 480 200 511">
    <p class='ocr_par' dir='ltr' id='par_1_1' title="bbox 191 480 200 511">
     <span class='ocr_line' id='line_1_1' title="bbox 191 480 200 511; baseline 0 0"><span class='ocrx_word' id='word_1_1' title='bbox 191 480 200 511; x_wconf 77' lang='lat' dir='ltr'>t</span> 
     </span>
    </p>
   </div>
   <div class='ocr_carea' id='block_1_2' title="bbox 297 437 927 517">
    <p class='ocr_par' dir='ltr' id='par_1_2' title="bbox 297 437 927 517">
     <span class='ocr_line' id='line_1_2' title="bbox 297 437 927 517; baseline -0.005 -23"><span class='ocrx_word' id='word_1_2' title='bbox 297 444 370 517; x_wconf 55' lang='lat'>238,</span> <span class='ocrx_word' id='word_1_3' title='bbox 793 437 927 493; x_wconf 70' lang='lat' dir='ltr'>seeum</span> 
     </span>
    </p>
   </div>
   <div class='ocr_carea' id='block_1_3' title="bbox 298 624 1428 716">
    <p class='ocr_par' dir='ltr' id='par_1_3' title="bbox 298 624 1428 716">
     <span class='ocr_line' id='line_1_3' title="bbox 298 624 1428 716; baseline -0.007 -19"><span class='ocrx_word' id='word_1_4' title='bbox 298 651 369 716; x_wconf 91' lang='lat' dir='ltr'>gem</span> <span class='ocrx_word' id='word_1_5' title='bbox 391 631 538 713; x_wconf 88' lang='lat' dir='ltr'>peruasit,</span> <span class='ocrx_word' id='word_1_6' title='bbox 561 630 690 712; x_wconf 81' lang='lat' dir='ltr'><strong>impulit</strong></span> <span class='ocrx_word' id='word_1_7' title='bbox 713 648 749 695; x_wconf 88' lang='lat' dir='ltr'>ao</span> <span class='ocrx_word' id='word_1_8' title='bbox 764 627 890 694; x_wconf 86' lang='lat' dir='ltr'>neeauit</span> <span class='ocrx_word' id='word_1_9' title='bbox 904 626 938 690; x_wconf 92' lang='lat' dir='ltr'>in</span> <span class='ocrx_word' id='word_1_10' title='bbox 954 628 1076 692; x_wconf 85' lang='lat' dir='ltr'>marina</span> <span class='ocrx_word' id='word_1_11' title='bbox 1090 624 1295 708; x_wconf 85' lang='lat' dir='ltr'>praeeipitem</span> <span class='ocrx_word' id='word_1_12' title='bbox 1309 624 1428 689; x_wconf 84' lang='lat' dir='ltr'>fluenta</span> 
     </span>
    </p>
   </div>
   <div class='ocr_carea' id='block_1_4' title="bbox 208 715 1427 819">
    <p class='ocr_par' dir='ltr' id='par_1_4' title="bbox 208 715 1427 819">
     <span class='ocr_line' id='line_1_4' title="bbox 208 715 1427 819; baseline -0.007 -18"><span class='ocrx_word' id='word_1_13' title='bbox 208 715 210 725; x_wconf 20' lang='grc' dir='ltr'><em>Α</em></span> <span class='ocrx_word' id='word_1_14' title='bbox 296 735 467 819; x_wconf 80' lang='lat' dir='ltr'>porcinum.</span> <span class='ocrx_word' id='word_1_15' title='bbox 506 752 564 798; x_wconf 88' lang='lat' dir='ltr'>neo</span> <span class='ocrx_word' id='word_1_16' title='bbox 584 732 732 797; x_wconf 75' lang='lat' dir='ltr'>inmerito</span> <span class='ocrx_word' id='word_1_17' title='bbox 758 730 901 797; x_wconf 89' lang='lat' dir='ltr'>diabolus</span> <span class='ocrx_word' id='word_1_18' title='bbox 923 729 1110 814; x_wconf 88' lang='lat' dir='ltr'>generaliter</span> <span class='ocrx_word' id='word_1_19' title='bbox 1131 729 1248 794; x_wconf 87' lang='lat' dir='ltr'>dieitur</span> <span class='ocrx_word' id='word_1_20' title='bbox 1269 729 1427 806; x_wconf 84' lang='lat' dir='ltr'>inimious,</span> 
     </span>
    </p>
   </div>
   <div class='ocr_carea' id='block_1_5' title="bbox 296 834 1429 1025">
    <p class='ocr_par' dir='ltr' id='par_1_5' title="bbox 296 834 1429 1025">
     <span class='ocr_line' id='line_1_5' title="bbox 296 834 1429 921; baseline -0.007 -18"><span class='ocrx_word' id='word_1_21' title='bbox 296 840 349 921; x_wconf 89' lang='lat' dir='ltr'>qui</span> <span class='ocrx_word' id='word_1_22' title='bbox 379 838 501 903; x_wconf 87' lang='lat' dir='ltr'>eunetis</span> <span class='ocrx_word' id='word_1_23' title='bbox 528 836 576 901; x_wconf 87' lang='lat' dir='ltr'>ita</span> <span class='ocrx_word' id='word_1_24' title='bbox 603 837 647 903; x_wconf 87' lang='lat' dir='ltr'>sit</span> <span class='ocrx_word' id='word_1_25' title='bbox 674 838 793 913; x_wconf 81' lang='lat' dir='ltr'>noxius,</span> <span class='ocrx_word' id='word_1_26' title='bbox 824 836 860 899; x_wconf 89' lang='lat' dir='ltr'>ut</span> <span class='ocrx_word' id='word_1_27' title='bbox 889 836 921 900; x_wconf 90' lang='lat' dir='ltr'>et</span> <span class='ocrx_word' id='word_1_28' title='bbox 948 834 1114 917; x_wconf 87' lang='lat' dir='ltr'>quosodit</span> <span class='ocrx_word' id='word_1_29' title='bbox 1140 834 1329 915; x_wconf 80' lang='lat' dir='ltr'>impetebat</span> <span class='ocrx_word' id='word_1_30' title='bbox 1353 850 1429 914; x_wconf 88' lang='lat' dir='ltr'>quos</span> 
     </span>
     <span class='ocr_line' id='line_1_6' title="bbox 296 940 575 1025; baseline -0.014 -18"><span class='ocrx_word' id='word_1_31' title='bbox 296 943 382 1007; x_wconf 88' lang='lat' dir='ltr'>amat</span> <span class='ocrx_word' id='word_1_32' title='bbox 405 940 575 1025; x_wconf 83' lang='lat' dir='ltr'>extinguat.</span> 
     </span>
    </p>
   </div>
   <div class='ocr_carea' id='block_1_6' title="bbox 267 1055 1459 1863">
    <p class='ocr_par' dir='ltr' id='par_1_6' title="bbox 267 1055 1459 1863">
     <span class='ocr_line' id='line_1_7' title="bbox 267 1055 1458 1141; baseline -0.01 -10"><span class='ocrx_word' id='word_1_33' title='bbox 267 1073 285 1131; x_wconf 84' lang='lat'><strong>8</strong></span> <span class='ocrx_word' id='word_1_34' title='bbox 337 1063 422 1128; x_wconf 88' lang='lat' dir='ltr'>Hine</span> <span class='ocrx_word' id='word_1_35' title='bbox 450 1063 601 1127; x_wconf 86' lang='lat' dir='ltr'><strong>Dominus</strong></span> <span class='ocrx_word' id='word_1_36' title='bbox 624 1060 751 1141; x_wconf 86' lang='lat' dir='ltr'>nauigio</span> <span class='ocrx_word' id='word_1_37' title='bbox 773 1078 880 1123; x_wconf 89' lang='lat' dir='ltr'>rursus</span> <span class='ocrx_word' id='word_1_38' title='bbox 909 1057 1086 1123; x_wconf 79' lang='lat' dir='ltr'><strong>famulante</strong></span> <span class='ocrx_word' id='word_1_39' title='bbox 1114 1060 1281 1123; x_wconf 82' lang='lat' dir='ltr'>subuectus</span> <span class='ocrx_word' id='word_1_40' title='bbox 1309 1055 1458 1122; x_wconf 74' lang='lat' dir='ltr'>natalias</span> 
     </span>
     <span class='ocr_line' id='line_1_8' title="bbox 296 1159 1426 1244; baseline -0.005 -16"><span class='ocrx_word' id='word_1_41' title='bbox 296 1165 355 1232; x_wconf 89' lang='lat' dir='ltr'>soli</span> <span class='ocrx_word' id='word_1_42' title='bbox 376 1164 454 1230; x_wconf 91' lang='lat' dir='ltr'>fines</span> <span class='ocrx_word' id='word_1_43' title='bbox 476 1164 618 1241; x_wconf 90' lang='lat' dir='ltr'>intrauit,</span> <span class='ocrx_word' id='word_1_44' title='bbox 650 1162 703 1226; x_wconf 93' lang='lat' dir='ltr'>ubi</span> <span class='ocrx_word' id='word_1_45' title='bbox 725 1161 800 1244; x_wconf 87' lang='lat' dir='ltr'>quia</span> <span class='ocrx_word' id='word_1_46' title='bbox 823 1161 945 1227; x_wconf 80' lang='lat' dir='ltr'>creator</span> <span class='ocrx_word' id='word_1_47' title='bbox 975 1162 1115 1225; x_wconf 92' lang='lat' dir='ltr'>omnium</span> <span class='ocrx_word' id='word_1_48' title='bbox 1142 1160 1230 1227; x_wconf 88' lang='lat' dir='ltr'>nasei</span> <span class='ocrx_word' id='word_1_49' title='bbox 1258 1178 1290 1225; x_wconf 83' lang='lat' dir='ltr'>se</span> <span class='ocrx_word' id='word_1_50' title='bbox 1314 1159 1426 1238; x_wconf 93' lang='lat' dir='ltr'>uoluit,</span> 
     </span>
     <span class='ocr_line' id='line_1_9' title="bbox 295 1263 1427 1351; baseline -0.005 -18"><span class='ocrx_word' id='word_1_51' title='bbox 295 1269 382 1333; x_wconf 91' lang='lat' dir='ltr'>illius</span> <span class='ocrx_word' id='word_1_52' title='bbox 409 1267 547 1351; x_wconf 84' lang='lat' dir='ltr'>regionis</span> <span class='ocrx_word' id='word_1_53' title='bbox 577 1268 726 1350; x_wconf 89' lang='lat' dir='ltr'>oppidum</span> <span class='ocrx_word' id='word_1_54' title='bbox 755 1284 843 1329; x_wconf 86' lang='lat' dir='ltr'>suam</span> <span class='ocrx_word' id='word_1_55' title='bbox 874 1264 1010 1347; x_wconf 86' lang='lat' dir='ltr'>patriam</span> <span class='ocrx_word' id='word_1_56' title='bbox 1038 1264 1243 1346; x_wconf 75' lang='lat' dir='ltr'>nuncupauit.</span> <span class='ocrx_word' id='word_1_57' title='bbox 1281 1266 1360 1329; x_wconf 87' lang='lat' dir='ltr'>tune</span> <span class='ocrx_word' id='word_1_58' title='bbox 1388 1263 1427 1328; x_wconf 89' lang='lat' dir='ltr'>ad</span> 
     </span>
     <span class='ocr_line' id='line_1_10' title="bbox 295 1368 1427 1454; baseline -0.003 -20"><span class='ocrx_word' id='word_1_59' title='bbox 295 1391 367 1436; x_wconf 89' lang='lat' dir='ltr'>eum</span> <span class='ocrx_word' id='word_1_60' title='bbox 394 1373 541 1454; x_wconf 89' lang='lat' dir='ltr'>quattuor</span> <span class='ocrx_word' id='word_1_61' title='bbox 568 1370 629 1434; x_wconf 90' lang='lat' dir='ltr'>uiri</span> <span class='ocrx_word' id='word_1_62' title='bbox 658 1370 792 1434; x_wconf 89' lang='lat' dir='ltr'>oeruioes</span> <span class='ocrx_word' id='word_1_63' title='bbox 821 1368 902 1433; x_wconf 88' lang='lat' dir='ltr'>leeto</span> <span class='ocrx_word' id='word_1_64' title='bbox 932 1368 1084 1450; x_wconf 78' lang='lat' dir='ltr'>suppositi</span> <span class='ocrx_word' id='word_1_65' title='bbox 1105 1368 1261 1450; x_wconf 88' lang='lat' dir='ltr'>quendam</span> <span class='ocrx_word' id='word_1_66' title='bbox 1284 1368 1427 1433; x_wconf 87' lang='lat' dir='ltr'>detulere</span> 
     </span>
     <span class='ocr_line' id='line_1_11' title="bbox 294 1465 1428 1558; baseline -0.003 -22"><span class='ocrx_word' id='word_1_67' title='bbox 294 1465 507 1558; x_wconf 81' lang='lat' dir='ltr'>languentem,</span> <span class='ocrx_word' id='word_1_68' title='bbox 542 1473 595 1537; x_wconf 84' lang='lat' dir='ltr'>uix</span> <span class='ocrx_word' id='word_1_69' title='bbox 627 1471 730 1537; x_wconf 84' lang='lat' dir='ltr'>adhue</span> <span class='ocrx_word' id='word_1_70' title='bbox 760 1472 930 1553; x_wconf 91' lang='lat' dir='ltr'>hominem,</span> <span class='ocrx_word' id='word_1_71' title='bbox 964 1470 1029 1536; x_wconf 91' lang='lat' dir='ltr'>iam</span> <span class='ocrx_word' id='word_1_72' title='bbox 1063 1471 1204 1537; x_wconf 86' lang='lat' dir='ltr'>oadauer.</span> <span class='ocrx_word' id='word_1_73' title='bbox 1243 1470 1331 1535; x_wconf 88' lang='lat' dir='ltr'>ouius</span> <span class='ocrx_word' id='word_1_74' title='bbox 1360 1469 1428 1534; x_wconf 85' lang='lat' dir='ltr'>uita</span> 
     </span>
     <span class='ocr_line' id='line_1_12' title="bbox 295 1573 1459 1659; baseline -0.001 -17"><span class='ocrx_word' id='word_1_75' title='bbox 295 1579 383 1643; x_wconf 89' lang='lat' dir='ltr'>motu</span> <span class='ocrx_word' id='word_1_76' title='bbox 414 1578 550 1659; x_wconf 89' lang='lat' dir='ltr'>eorporis</span> <span class='ocrx_word' id='word_1_77' title='bbox 585 1594 695 1642; x_wconf 85' lang='lat' dir='ltr'>eureus</span> <span class='ocrx_word' id='word_1_78' title='bbox 728 1574 889 1641; x_wconf 87' lang='lat' dir='ltr'>funeream</span> <span class='ocrx_word' id='word_1_79' title='bbox 922 1573 1127 1656; x_wconf 81' lang='lat' dir='ltr'>praeludebat</span> <span class='ocrx_word' id='word_1_80' title='bbox 1160 1574 1343 1656; x_wconf 80' lang='lat' dir='ltr'>imaginem.</span> <span class='ocrx_word' id='word_1_81' title='bbox 1381 1574 1459 1641; x_wconf 84' lang='lat' dir='ltr'>itan</span> 
     </span>
     <span class='ocr_line' id='line_1_13' title="bbox 294 1677 1426 1760; baseline -0.004 -15"><span class='ocrx_word' id='word_1_82' title='bbox 294 1682 437 1746; x_wconf 87' lang='lat' dir='ltr'>membra</span> <span class='ocrx_word' id='word_1_83' title='bbox 457 1680 604 1760; x_wconf 81' lang='lat' dir='ltr'>iacentia,</span> <span class='ocrx_word' id='word_1_84' title='bbox 627 1680 775 1746; x_wconf 88' lang='lat' dir='ltr'>resolutis</span> <span class='ocrx_word' id='word_1_85' title='bbox 799 1696 963 1744; x_wconf 88' lang='lat' dir='ltr'>neruorum</span> <span class='ocrx_word' id='word_1_86' title='bbox 987 1678 1121 1743; x_wconf 78' lang='lat' dir='ltr'>uinculis</span> <span class='ocrx_word' id='word_1_87' title='bbox 1142 1696 1177 1744; x_wconf 87' lang='lat' dir='ltr'>ao</span> <span class='ocrx_word' id='word_1_88' title='bbox 1199 1677 1349 1755; x_wconf 88' lang='lat' dir='ltr'>dimissis,</span> <span class='ocrx_word' id='word_1_89' title='bbox 1372 1696 1426 1760; x_wconf 92' lang='lat' dir='ltr'>per</span> 
     </span>
     <span class='ocr_line' id='line_1_14' title="bbox 294 1780 1425 1863; baseline -0.004 -14"><span class='ocrx_word' id='word_1_90' title='bbox 294 1785 392 1849; x_wconf 83' lang='lat' dir='ltr'>fluxos</span> <span class='ocrx_word' id='word_1_91' title='bbox 421 1786 507 1851; x_wconf 87' lang='lat' dir='ltr'>artus</span> <span class='ocrx_word' id='word_1_92' title='bbox 536 1784 569 1847; x_wconf 89' lang='lat' dir='ltr'>et</span> <span class='ocrx_word' id='word_1_93' title='bbox 590 1783 710 1848; x_wconf 88' lang='lat' dir='ltr'>sauoios</span> <span class='ocrx_word' id='word_1_94' title='bbox 737 1782 906 1863; x_wconf 87' lang='lat' dir='ltr'>morboque</span> <span class='ocrx_word' id='word_1_95' title='bbox 935 1781 1089 1846; x_wconf 81' lang='lat' dir='ltr'>marsidae</span> <span class='ocrx_word' id='word_1_96' title='bbox 1119 1781 1202 1846; x_wconf 89' lang='lat' dir='ltr'>tabis</span> <span class='ocrx_word' id='word_1_97' title='bbox 1230 1781 1349 1846; x_wconf 89' lang='lat' dir='ltr'>alienos</span> <span class='ocrx_word' id='word_1_98' title='bbox 1376 1780 1425 1845; x_wconf 89' lang='lat' dir='ltr'>uti</span> 
     </span>
    </p>
   </div>
   <div class='ocr_carea' id='block_1_7' title="bbox 203 1884 1423 1972">
    <p class='ocr_par' dir='ltr' id='par_1_7' title="bbox 203 1884 1423 1972">
     <span class='ocr_line' id='line_1_15' title="bbox 203 1884 1423 1972; baseline -0.004 -20"><span class='ocrx_word' id='word_1_99' title='bbox 203 1915 205 1919; x_wconf 95' lang='lat'>·</span> <span class='ocrx_word' id='word_1_100' title='bbox 294 1888 427 1972; x_wconf 90' lang='lat' dir='ltr'>propriis</span> <span class='ocrx_word' id='word_1_101' title='bbox 450 1887 563 1953; x_wconf 78' lang='lat' dir='ltr'>officiis</span> <span class='ocrx_word' id='word_1_102' title='bbox 585 1904 647 1951; x_wconf 89' lang='lat' dir='ltr'>uon</span> <span class='ocrx_word' id='word_1_103' title='bbox 664 1885 826 1950; x_wconf 81' lang='lat' dir='ltr'>uelabant.</span> <span class='ocrx_word' id='word_1_104' title='bbox 852 1904 945 1967; x_wconf 92' lang='lat' dir='ltr'>quem</span> <span class='ocrx_word' id='word_1_105' title='bbox 967 1889 1003 1951; x_wconf 89' lang='lat' dir='ltr'>ut</span> <span class='ocrx_word' id='word_1_106' title='bbox 1018 1886 1171 1951; x_wconf 89' lang='lat' dir='ltr'>Dominus</span> <span class='ocrx_word' id='word_1_107' title='bbox 1193 1902 1344 1966; x_wconf 88' lang='lat' dir='ltr'>supernae</span> <span class='ocrx_word' id='word_1_108' title='bbox 1360 1884 1423 1947; x_wconf 86' lang='lat' dir='ltr'>uir-</span> 
     </span>
    </p>
   </div>
   <div class='ocr_carea' id='block_1_8' title="bbox 293 1988 1458 2383">
    <p class='ocr_par' dir='ltr' id='par_1_8' title="bbox 293 1988 1458 2383">
     <span class='ocr_line' id='line_1_16' title="bbox 294 1988 1424 2073; baseline -0.005 -17"><span class='ocrx_word' id='word_1_109' title='bbox 294 1992 375 2056; x_wconf 90' lang='lat' dir='ltr'>tutis</span> <span class='ocrx_word' id='word_1_110' title='bbox 408 2010 498 2073; x_wconf 90' lang='lat' dir='ltr'>egere</span> <span class='ocrx_word' id='word_1_111' title='bbox 530 1991 648 2056; x_wconf 89' lang='lat' dir='ltr'>uirium</span> <span class='ocrx_word' id='word_1_112' title='bbox 681 1990 883 2055; x_wconf 86' lang='lat' dir='ltr'>restitutione</span> <span class='ocrx_word' id='word_1_113' title='bbox 915 1991 1084 2071; x_wconf 77' lang='lat' dir='ltr'>conspexit,</span> <span class='ocrx_word' id='word_1_114' title='bbox 1121 1988 1305 2071; x_wconf 85' lang='lat' dir='ltr'>apeoeetis</span> <span class='ocrx_word' id='word_1_115' title='bbox 1339 1988 1424 2068; x_wconf 88' lang='lat' dir='ltr'>prius</span> 
     </span>
     <span class='ocr_line' id='line_1_17' title="bbox 294 2091 1458 2175; baseline -0.002 -16"><span class='ocrx_word' id='word_1_116' title='bbox 294 2094 420 2159; x_wconf 88' lang='lat' dir='ltr'>eurauit</span> <span class='ocrx_word' id='word_1_117' title='bbox 445 2094 617 2171; x_wconf 88' lang='lat' dir='ltr'>absoluere,</span> <span class='ocrx_word' id='word_1_118' title='bbox 638 2110 720 2175; x_wconf 88' lang='lat' dir='ltr'>quae</span> <span class='ocrx_word' id='word_1_119' title='bbox 742 2092 899 2157; x_wconf 89' lang='lat' dir='ltr'>malorum</span> <span class='ocrx_word' id='word_1_120' title='bbox 921 2092 1063 2158; x_wconf 90' lang='lat' dir='ltr'>omnium</span> <span class='ocrx_word' id='word_1_121' title='bbox 1085 2096 1158 2157; x_wconf 93' lang='lat' dir='ltr'>sunt</span> <span class='ocrx_word' id='word_1_122' title='bbox 1180 2094 1310 2170; x_wconf 85' lang='lat' dir='ltr'>radioes,</span> <span class='ocrx_word' id='word_1_123' title='bbox 1334 2096 1369 2156; x_wconf 90' lang='lat' dir='ltr'>ut</span> <span class='ocrx_word' id='word_1_124' title='bbox 1390 2091 1458 2157; x_wconf 73' lang='lat' dir='ltr'>inus</span> 
     </span>
     <span class='ocr_line' id='line_1_18' title="bbox 294 2195 1422 2278; baseline -0.004 -17"><span class='ocrx_word' id='word_1_125' title='bbox 294 2198 454 2264; x_wconf 90' lang='lat' dir='ltr'>hominem</span> <span class='ocrx_word' id='word_1_126' title='bbox 469 2199 597 2278; x_wconf 89' lang='lat' dir='ltr'>depulso</span> <span class='ocrx_word' id='word_1_127' title='bbox 620 2198 760 2261; x_wconf 88' lang='lat' dir='ltr'>sordium</span> <span class='ocrx_word' id='word_1_128' title='bbox 781 2196 925 2278; x_wconf 88' lang='lat' dir='ltr'>squalore</span> <span class='ocrx_word' id='word_1_129' title='bbox 947 2195 1134 2261; x_wconf 87' lang='lat' dir='ltr'>mundatum</span> <span class='ocrx_word' id='word_1_130' title='bbox 1156 2196 1319 2278; x_wconf 84' lang='lat' dir='ltr'>tamquam</span> <span class='ocrx_word' id='word_1_131' title='bbox 1333 2212 1422 2277; x_wconf 85' lang='lat' dir='ltr'>prae-</span> 
     </span>
     <span class='ocr_line' id='line_1_19' title="bbox 293 2296 1422 2383; baseline -0.004 -17"><span class='ocrx_word' id='word_1_132' title='bbox 293 2307 438 2383; x_wconf 84' lang='lat' dir='ltr'>paratam</span> <span class='ocrx_word' id='word_1_133' title='bbox 471 2300 532 2365; x_wconf 90' lang='lat' dir='ltr'>sibi</span> <span class='ocrx_word' id='word_1_134' title='bbox 561 2301 646 2365; x_wconf 89' lang='lat' dir='ltr'>salus</span> <span class='ocrx_word' id='word_1_135' title='bbox 675 2300 823 2365; x_wconf 86' lang='lat' dir='ltr'>introiret</span> <span class='ocrx_word' id='word_1_136' title='bbox 850 2301 883 2365; x_wconf 94' lang='lat' dir='ltr'>in</span> <span class='ocrx_word' id='word_1_137' title='bbox 913 2302 1051 2365; x_wconf 88' lang='lat' dir='ltr'>domum.</span> <span class='ocrx_word' id='word_1_138' title='bbox 1096 2298 1173 2365; x_wconf 87' lang='lat' dir='ltr'>dioit</span> <span class='ocrx_word' id='word_1_139' title='bbox 1203 2316 1278 2382; x_wconf 88' lang='lat' dir='ltr'>ergo</span> <span class='ocrx_word' id='word_1_140' title='bbox 1306 2296 1422 2363; x_wconf 83' lang='lat' dir='ltr'>iacenti</span> 
     </span>
    </p>
   </div>
   <div class='ocr_carea' id='block_1_9' title="bbox 258 2394 1421 2488">
    <p class='ocr_par' dir='ltr' id='par_1_9' title="bbox 258 2394 1421 2488">
     <span class='ocr_line' id='line_1_20' title="bbox 258 2394 1421 2488; baseline -0.002 -20"><span class='ocrx_word' id='word_1_141' title='bbox 258 2432 262 2453; x_wconf 80' lang='lat'><em>=</em></span> <span class='ocrx_word' id='word_1_142' title='bbox 294 2409 370 2468; x_wconf 90' lang='lat' dir='ltr'>tuno</span> <span class='ocrx_word' id='word_1_143' title='bbox 391 2404 513 2483; x_wconf 89' lang='lat' dir='ltr'>misero,</span> <span class='ocrx_word' id='word_1_144' title='bbox 536 2406 591 2469; x_wconf 92' lang='lat' dir='ltr'>sed</span> <span class='ocrx_word' id='word_1_145' title='bbox 612 2404 697 2469; x_wconf 82' lang='lat' dir='ltr'>felici</span> <span class='ocrx_word' id='word_1_146' title='bbox 714 2404 858 2487; x_wconf 87' lang='lat' dir='ltr'>protinus</span> <span class='ocrx_word' id='word_1_147' title='bbox 875 2404 1034 2469; x_wconf 86' lang='lat' dir='ltr'>adfuturo:</span> <span class='ocrx_word' id='word_1_148' title='bbox 1059 2422 1191 2488; x_wconf 88' lang='lat' dir='ltr'>surge,</span> <span class='ocrx_word' id='word_1_149' title='bbox 1215 2394 1321 2467; x_wconf 86' lang='lat' dir='ltr'>tolle</span> <span class='ocrx_word' id='word_1_150' title='bbox 1339 2420 1421 2485; x_wconf 89' lang='lat' dir='ltr'>gra·</span> 
     </span>
    </p>
   </div>
   <div class='ocr_carea' id='block_1_10' title="bbox 292 2508 1421 2597">
    <p class='ocr_par' dir='ltr' id='par_1_10' title="bbox 292 2508 1421 2597">
     <span class='ocr_line' id='line_1_21' title="bbox 292 2508 1421 2597; baseline -0.004 -25"><span class='ocrx_word' id='word_1_151' title='bbox 292 2509 428 2597; x_wconf 87' lang='lat' dir='ltr'>batum</span> <span class='ocrx_word' id='word_1_152' title='bbox 461 2510 569 2573; x_wconf 88' lang='lat' dir='ltr'>tuum</span> <span class='ocrx_word' id='word_1_153' title='bbox 597 2508 634 2571; x_wconf 88' lang='lat' dir='ltr'>et</span> <span class='ocrx_word' id='word_1_154' title='bbox 666 2508 764 2572; x_wconf 87' lang='lat' dir='ltr'>uado</span> <span class='ocrx_word' id='word_1_155' title='bbox 792 2508 832 2573; x_wconf 93' lang='lat' dir='ltr'>in</span> <span class='ocrx_word' id='word_1_156' title='bbox 863 2508 1013 2571; x_wconf 88' lang='lat' dir='ltr'>domum</span> <span class='ocrx_word' id='word_1_157' title='bbox 1042 2508 1157 2573; x_wconf 89' lang='lat' dir='ltr'>tuam.</span> <span class='ocrx_word' id='word_1_158' title='bbox 1195 2525 1252 2571; x_wconf 92' lang='lat' dir='ltr'>nee</span> <span class='ocrx_word' id='word_1_159' title='bbox 1282 2510 1421 2570; x_wconf 86' lang='lat' dir='ltr'>moratus</span> 
     </span>
    </p>
   </div>
   <div class='ocr_carea' id='block_1_11' title="bbox 393 2738 618 2806">
    <p class='ocr_par' dir='ltr' id='par_1_11' title="bbox 393 2738 618 2806">
     <span class='ocr_line' id='line_1_22' title="bbox 393 2738 618 2806; baseline -0.009 -11"><span class='ocrx_word' id='word_1_160' title='bbox 393 2739 427 2795; x_wconf 89' lang='lat'>18</span> <span class='ocrx_word' id='word_1_161' title='bbox 444 2738 525 2793; x_wconf 80' lang='lat' dir='ltr'>Mare.</span> <span class='ocrx_word' id='word_1_162' title='bbox 543 2740 567 2806; x_wconf 80' lang='lat'>2,</span> <span class='ocrx_word' id='word_1_163' title='bbox 587 2740 618 2795; x_wconf 93' lang='lat'>11</span> 
     </span>
    </p>
   </div>
   <div class='ocr_carea' id='block_1_12' title="bbox 289 2953 1420 3279">
    <p class='ocr_par' dir='ltr' id='par_1_12' title="bbox 289 2953 1420 3279">
     <span class='ocr_line' id='line_1_23' title="bbox 343 2953 1420 3023; baseline -0.001 -17"><span class='ocrx_word' id='word_1_164' title='bbox 343 2956 356 3006; x_wconf 95' lang='grc'>1</span> <span class='ocrx_word' id='word_1_165' title='bbox 381 2955 410 3006; x_wconf 93' lang='lat' dir='ltr'>in</span> <span class='ocrx_word' id='word_1_166' title='bbox 431 2953 536 3007; x_wconf 89' lang='lat' dir='ltr'>marina</span> <span class='ocrx_word' id='word_1_167' title='bbox 553 2970 575 3009; x_wconf 86' lang='lat' dir='ltr'>a.</span> <span class='ocrx_word' id='word_1_168' title='bbox 594 2954 611 3009; x_wconf 80' lang='lat' dir='ltr'>i.</span> <span class='ocrx_word' id='word_1_169' title='bbox 633 2953 674 3008; x_wconf 65' lang='lat'>12²</span> <span class='ocrx_word' id='word_1_170' title='bbox 777 2954 951 3022; x_wconf 86' lang='lat' dir='ltr'>praeeipitem</span> <span class='ocrx_word' id='word_1_171' title='bbox 973 2968 1009 3008; x_wconf 77' lang='lat' dir='ltr'>em</span> <span class='ocrx_word' id='word_1_172' title='bbox 1031 2954 1185 3023; x_wconf 81' lang='lat' dir='ltr'>percipitem</span> <span class='ocrx_word' id='word_1_173' title='bbox 1210 2953 1239 3008; x_wconf 92' lang='lat' dir='ltr'><em>P</em></span> <span class='ocrx_word' id='word_1_174' title='bbox 1339 2953 1356 3007; x_wconf 85' lang='lat'><strong>3</strong></span> <span class='ocrx_word' id='word_1_175' title='bbox 1379 2953 1420 3005; x_wconf 82' lang='lat' dir='ltr'>ita</span> 
     </span>
     <span class='ocr_line' id='line_1_24' title="bbox 290 3039 1419 3109; baseline -0.002 -16"><span class='ocrx_word' id='word_1_176' title='bbox 290 3054 360 3093; x_wconf 82' lang='lat' dir='ltr'>eros.</span> <span class='ocrx_word' id='word_1_177' title='bbox 379 3040 412 3093; x_wconf 79' lang='lat' dir='ltr'>ire</span> <span class='ocrx_word' id='word_1_178' title='bbox 428 3040 472 3105; x_wconf 90' lang='lat' dir='ltr'>H,</span> <span class='ocrx_word' id='word_1_179' title='bbox 499 3056 584 3093; x_wconf 77' lang='lat' dir='ltr'>oneo</span> <span class='ocrx_word' id='word_1_180' title='bbox 698 3043 745 3105; x_wconf 82' lang='lat' dir='ltr'>et,</span> <span class='ocrx_word' id='word_1_181' title='bbox 765 3056 785 3095; x_wconf 87' lang='lat' dir='ltr'>s.</span> <span class='ocrx_word' id='word_1_182' title='bbox 805 3041 822 3094; x_wconf 81' lang='lat' dir='ltr'>t.</span> <span class='ocrx_word' id='word_1_183' title='bbox 841 3040 879 3093; x_wconf 74' lang='lat' dir='ltr'>P&#39;</span> <span class='ocrx_word' id='word_1_184' title='bbox 990 3040 1118 3109; x_wconf 87' lang='lat' dir='ltr'>impetrat</span> <span class='ocrx_word' id='word_1_185' title='bbox 1136 3039 1164 3092; x_wconf 95' lang='lat' dir='ltr'><strong><em>P</em></strong></span> <span class='ocrx_word' id='word_1_186' title='bbox 1273 3044 1338 3107; x_wconf 80' lang='lat' dir='ltr'>poet</span> <span class='ocrx_word' id='word_1_187' title='bbox 1354 3054 1419 3107; x_wconf 87' lang='lat' dir='ltr'>quos</span> 
     </span>
     <span class='ocr_line' id='line_1_25' title="bbox 289 3125 1419 3195; baseline -0.002 -16"><span class='ocrx_word' id='word_1_188' title='bbox 289 3142 344 3181; x_wconf 78' lang='lat' dir='ltr'>rae.</span> <span class='ocrx_word' id='word_1_189' title='bbox 363 3130 381 3181; x_wconf 81' lang='lat'><strong><em>3</em></strong></span> <span class='ocrx_word' id='word_1_190' title='bbox 398 3126 450 3180; x_wconf 78' lang='lat' dir='ltr'>litt.</span> <span class='ocrx_word' id='word_1_191' title='bbox 468 3126 502 3179; x_wconf 77' lang='lat' dir='ltr'>aba</span> <span class='ocrx_word' id='word_1_192' title='bbox 520 3126 547 3179; x_wconf 91' lang='lat' dir='ltr'><strong><em>B</em></strong></span> <span class='ocrx_word' id='word_1_193' title='bbox 650 3127 722 3180; x_wconf 81' lang='lat' dir='ltr'>bnn</span> <span class='ocrx_word' id='word_1_194' title='bbox 739 3140 915 3181; x_wconf 66' lang='lat' dir='ltr'>assumto</span> <span class='ocrx_word' id='word_1_195' title='bbox 934 3127 974 3192; x_wconf 85' lang='lat' dir='ltr'>R,</span> <span class='ocrx_word' id='word_1_196' title='bbox 1011 3125 1043 3179; x_wconf 87' lang='lat' dir='ltr'>de</span> <span class='ocrx_word' id='word_1_197' title='bbox 1060 3126 1179 3195; x_wconf 84' lang='lat' dir='ltr'>paratieo</span> <span class='ocrx_word' id='word_1_198' title='bbox 1197 3125 1308 3179; x_wconf 86' lang='lat' dir='ltr'>dimisso</span> <span class='ocrx_word' id='word_1_199' title='bbox 1326 3128 1419 3179; x_wconf 86' lang='lat' dir='ltr'>sanato</span> 
     </span>
     <span class='ocr_line' id='line_1_26' title="bbox 290 3210 1418 3279; baseline -0.002 -15"><span class='ocrx_word' id='word_1_200' title='bbox 290 3214 420 3279; x_wconf 71' lang='lat' dir='ltr'>grabatta</span> <span class='ocrx_word' id='word_1_201' title='bbox 432 3214 462 3278; x_wconf 79' lang='grc'>(”</span> <span class='ocrx_word' id='word_1_202' title='bbox 476 3228 509 3265; x_wconf 87' lang='lat' dir='ltr'>m.</span> <span class='ocrx_word' id='word_1_203' title='bbox 522 3214 552 3278; x_wconf 80' lang='lat'>2)</span> <span class='ocrx_word' id='word_1_204' title='bbox 570 3211 645 3265; x_wconf 85' lang='lat' dir='ltr'>tollit</span> <span class='ocrx_word' id='word_1_205' title='bbox 663 3211 700 3275; x_wconf 90' lang='lat' dir='ltr'>H,</span> <span class='ocrx_word' id='word_1_206' title='bbox 737 3210 770 3264; x_wconf 84' lang='lat' dir='ltr'>da</span> <span class='ocrx_word' id='word_1_207' title='bbox 787 3211 894 3265; x_wconf 87' lang='lat' dir='ltr'>infirmo</span> <span class='ocrx_word' id='word_1_208' title='bbox 913 3211 960 3279; x_wconf 86' lang='lat' dir='ltr'>qui</span> <span class='ocrx_word' id='word_1_209' title='bbox 977 3214 1065 3265; x_wconf 88' lang='lat' dir='ltr'>iussus</span> <span class='ocrx_word' id='word_1_210' title='bbox 1079 3212 1136 3278; x_wconf 79' lang='lat' dir='ltr'>(uel</span> <span class='ocrx_word' id='word_1_211' title='bbox 1147 3212 1262 3279; x_wconf 83' lang='lat' dir='ltr'>iussum)</span> <span class='ocrx_word' id='word_1_212' title='bbox 1276 3211 1418 3279; x_wconf 84' lang='lat' dir='ltr'>grabatum</span> 
     </span>
    </p>
   </div>
   <div class='ocr_carea' id='block_1_13' title="bbox 289 3298 1352 3403">
    <p class='ocr_par' dir='ltr' id='par_1_13' title="bbox 289 3298 1352 3403">
     <span class='ocr_line' id='line_1_27' title="bbox 289 3298 1352 3403; baseline 0.004 -22"><span class='ocrx_word' id='word_1_213' title='bbox 289 3330 406 3385; x_wconf 85' lang='lat' dir='ltr'>tollite</span> <span class='ocrx_word' id='word_1_214' title='bbox 509 3330 572 3385; x_wconf 88' lang='lat' dir='ltr'>hino</span> <span class='ocrx_word' id='word_1_215' title='bbox 594 3330 622 3400; x_wconf 81' lang='lat' dir='ltr'>(h</span> <span class='ocrx_word' id='word_1_216' title='bbox 646 3334 726 3398; x_wconf 80' lang='lat' dir='ltr'>corr.)</span> <span class='ocrx_word' id='word_1_217' title='bbox 751 3331 779 3385; x_wconf 92' lang='lat' dir='ltr'><strong><em>P</em></strong></span> <span class='ocrx_word' id='word_1_218' title='bbox 880 3298 1009 3385; x_wconf 49' lang='lat' dir='ltr'>suffit?</span> <span class='ocrx_word' id='word_1_219' title='bbox 1024 3334 1065 3399; x_wconf 80' lang='lat' dir='ltr'>(ire</span> <span class='ocrx_word' id='word_1_220' title='bbox 1089 3348 1139 3403; x_wconf 62' lang='grc' dir='ltr'>τηρ.</span> <span class='ocrx_word' id='word_1_221' title='bbox 1163 3331 1300 3398; x_wconf 83' lang='lat' dir='ltr'>subuant&#39;)</span> <span class='ocrx_word' id='word_1_222' title='bbox 1325 3330 1352 3385; x_wconf 92' lang='lat' dir='ltr'><strong><em>P</em></strong></span> 
     </span>
    </p>
   </div>
   <div class='ocr_carea' id='block_1_14' title="bbox 289 3433 1419 3599">
    <p class='ocr_par' dir='ltr' id='par_1_14' title="bbox 289 3433 1419 3599">
     <span class='ocr_line' id='line_1_28' title="bbox 289 3433 1419 3505; baseline 0 -18"><span class='ocrx_word' id='word_1_223' title='bbox 289 3435 422 3489; x_wconf 83' lang='lat' dir='ltr'>naturalis</span> <span class='ocrx_word' id='word_1_224' title='bbox 440 3433 505 3488; x_wconf 86' lang='lat' dir='ltr'>fines</span> <span class='ocrx_word' id='word_1_225' title='bbox 523 3436 551 3489; x_wconf 93' lang='lat' dir='ltr'><em>P</em></span> <span class='ocrx_word' id='word_1_226' title='bbox 638 3435 734 3503; x_wconf 76' lang='lat' dir='ltr'>bpoet</span> <span class='ocrx_word' id='word_1_227' title='bbox 751 3435 802 3489; x_wconf 91' lang='lat' dir='ltr'>soli</span> <span class='ocrx_word' id='word_1_228' title='bbox 820 3450 875 3490; x_wconf 71' lang='lat' dir='ltr'>aaa.</span> <span class='ocrx_word' id='word_1_229' title='bbox 896 3436 983 3490; x_wconf 72' lang='lat' dir='ltr'>atita.</span> <span class='ocrx_word' id='word_1_230' title='bbox 1001 3436 1034 3490; x_wconf 78' lang='lat' dir='ltr'>ia</span> <span class='ocrx_word' id='word_1_231' title='bbox 1052 3436 1080 3491; x_wconf 90' lang='lat' dir='ltr'><em>B</em></span> <span class='ocrx_word' id='word_1_232' title='bbox 1165 3435 1213 3490; x_wconf 89' lang='lat' dir='ltr'>ubi</span> <span class='ocrx_word' id='word_1_233' title='bbox 1230 3436 1303 3505; x_wconf 85' lang='lat' dir='ltr'>quia]</span> <span class='ocrx_word' id='word_1_234' title='bbox 1321 3434 1419 3503; x_wconf 89' lang='lat' dir='ltr'>ubique</span> 
     </span>
     <span class='ocr_line' id='line_1_29' title="bbox 289 3520 1418 3599; baseline 0 -24"><span class='ocrx_word' id='word_1_235' title='bbox 289 3520 357 3587; x_wconf 84' lang='lat' dir='ltr'>HR,</span> <span class='ocrx_word' id='word_1_236' title='bbox 384 3520 475 3589; x_wconf 88' lang='lat' dir='ltr'>ibique</span> <span class='ocrx_word' id='word_1_237' title='bbox 485 3538 509 3586; x_wconf 88' lang='lat' dir='ltr'>o,</span> <span class='ocrx_word' id='word_1_238' title='bbox 536 3521 635 3590; x_wconf 86' lang='lat' dir='ltr'>ubique</span> <span class='ocrx_word' id='word_1_239' title='bbox 646 3523 691 3577; x_wconf 77' lang='lat' dir='ltr'>asel</span> <span class='ocrx_word' id='word_1_240' title='bbox 703 3527 731 3575; x_wconf 91' lang='lat' dir='ltr'>et</span> <span class='ocrx_word' id='word_1_241' title='bbox 742 3522 790 3575; x_wconf 91' lang='lat' dir='ltr'>ubi</span> <span class='ocrx_word' id='word_1_242' title='bbox 803 3524 873 3577; x_wconf 77' lang='lat' dir='ltr'>cont.</span> <span class='ocrx_word' id='word_1_243' title='bbox 891 3522 964 3599; x_wconf 69' lang='lat' dir='ltr'>Gali.</span> <span class='ocrx_word' id='word_1_244' title='bbox 1063 3530 1126 3591; x_wconf 80' lang='lat' dir='ltr'>post</span> <span class='ocrx_word' id='word_1_245' title='bbox 1139 3522 1418 3593; x_wconf 63' lang='lat' dir='ltr'>numerosarum</span> 
     </span>
    </p>
   </div>
   <div class='ocr_carea' id='block_1_15' title="bbox 288 3614 1351 3709">
    <p class='ocr_par' dir='ltr' id='par_1_15' title="bbox 288 3614 1351 3709">
     <span class='ocr_line' id='line_1_30' title="bbox 288 3614 1351 3709; baseline 0.003 -30"><span class='ocrx_word' id='word_1_246' title='bbox 288 3626 341 3679; x_wconf 75' lang='lat' dir='ltr'>att.</span> <span class='ocrx_word' id='word_1_247' title='bbox 359 3626 391 3679; x_wconf 80' lang='lat' dir='ltr'>ia</span> <span class='ocrx_word' id='word_1_248' title='bbox 407 3624 443 3679; x_wconf 89' lang='lat' dir='ltr'><strong><em>H</em></strong></span> <span class='ocrx_word' id='word_1_249' title='bbox 525 3614 569 3678; x_wconf 74' lang='lat' dir='ltr'>om</span> <span class='ocrx_word' id='word_1_250' title='bbox 587 3625 615 3678; x_wconf 95' lang='lat' dir='ltr'><strong><em>P</em></strong></span> <span class='ocrx_word' id='word_1_251' title='bbox 701 3624 819 3709; x_wconf 77' lang='lat' dir='ltr'>naseisse</span> <span class='ocrx_word' id='word_1_252' title='bbox 837 3625 870 3692; x_wconf 93' lang='lat' dir='ltr'>P,</span> <span class='ocrx_word' id='word_1_253' title='bbox 899 3626 971 3681; x_wconf 89' lang='lat' dir='ltr'>nesoi</span> <span class='ocrx_word' id='word_1_254' title='bbox 988 3626 1016 3680; x_wconf 86' lang='lat' dir='ltr'><em>R</em></span> <span class='ocrx_word' id='word_1_255' title='bbox 1109 3626 1218 3680; x_wconf 75' lang='lat' dir='ltr'>tinius</span> <span class='ocrx_word' id='word_1_256' title='bbox 1236 3642 1257 3681; x_wconf 85' lang='lat' dir='ltr'>a.</span> <span class='ocrx_word' id='word_1_257' title='bbox 1275 3626 1294 3679; x_wconf 78' lang='lat' dir='ltr'>l.</span> <span class='ocrx_word' id='word_1_258' title='bbox 1312 3626 1351 3682; x_wconf 66' lang='lat'>13¹</span> 
     </span>
    </p>
   </div>
   <div class='ocr_carea' id='block_1_16' title="bbox 287 3712 1416 3933">
    <p class='ocr_par' dir='ltr' id='par_1_16' title="bbox 287 3712 1416 3933">
     <span class='ocr_line' id='line_1_31' title="bbox 288 3712 1416 3813; baseline -0.002 -13"><span class='ocrx_word' id='word_1_259' title='bbox 288 3717 418 3801; x_wconf 54' lang='lat' dir='ltr'>ra&#39;flexes</span> <span class='ocrx_word' id='word_1_260' title='bbox 436 3746 478 3811; x_wconf 83' lang='lat' dir='ltr'>R,</span> <span class='ocrx_word' id='word_1_261' title='bbox 509 3746 584 3800; x_wconf 82' lang='lat' dir='ltr'>fusas</span> <span class='ocrx_word' id='word_1_262' title='bbox 602 3748 642 3813; x_wconf 87' lang='lat' dir='ltr'>(es</span> <span class='ocrx_word' id='word_1_263' title='bbox 659 3761 729 3800; x_wconf 81' lang='lat' dir='ltr'>oorr.</span> <span class='ocrx_word' id='word_1_264' title='bbox 749 3762 783 3801; x_wconf 76' lang='lat' dir='ltr'>ee</span> <span class='ocrx_word' id='word_1_265' title='bbox 800 3752 842 3811; x_wconf 77' lang='lat' dir='ltr'>us)</span> <span class='ocrx_word' id='word_1_266' title='bbox 862 3746 896 3800; x_wconf 88' lang='lat' dir='ltr'>H</span> <span class='ocrx_word' id='word_1_267' title='bbox 994 3712 1223 3810; x_wconf 75' lang='lat' dir='ltr'>martidetaiisP</span> <span class='ocrx_word' id='word_1_268' title='bbox 1323 3744 1416 3800; x_wconf 84' lang='lat' dir='ltr'>alienis</span> 
     </span>
     <span class='ocr_line' id='line_1_32' title="bbox 287 3849 1415 3933; baseline 0 -30"><span class='ocrx_word' id='word_1_269' title='bbox 287 3850 322 3903; x_wconf 92' lang='lat' dir='ltr'>H</span> <span class='ocrx_word' id='word_1_270' title='bbox 420 3852 452 3903; x_wconf 89' lang='lat' dir='ltr'>ut</span> <span class='ocrx_word' id='word_1_271' title='bbox 478 3849 507 3904; x_wconf 92' lang='grc' dir='ltr'><strong><em>Β</em></strong></span> <span class='ocrx_word' id='word_1_272' title='bbox 611 3851 645 3905; x_wconf 82' lang='grc'>13</span> <span class='ocrx_word' id='word_1_273' title='bbox 670 3850 796 3905; x_wconf 89' lang='lat' dir='ltr'>nolebant</span> <span class='ocrx_word' id='word_1_274' title='bbox 823 3849 851 3904; x_wconf 94' lang='lat' dir='ltr'><strong><em>P</em></strong></span> <span class='ocrx_word' id='word_1_275' title='bbox 951 3865 1064 3918; x_wconf 86' lang='lat' dir='ltr'>superne</span> <span class='ocrx_word' id='word_1_276' title='bbox 1091 3851 1119 3904; x_wconf 92' lang='lat' dir='ltr'><strong><em>P</em></strong></span> <span class='ocrx_word' id='word_1_277' title='bbox 1228 3850 1261 3904; x_wconf 90' lang='lat'>14</span> <span class='ocrx_word' id='word_1_278' title='bbox 1288 3850 1415 3933; x_wconf 76' lang='lat' dir='ltr'>uirigium</span> 
     </span>
    </p>
   </div>
   <div class='ocr_carea' id='block_1_17' title="bbox 285 3934 1415 4367">
    <p class='ocr_par' dir='ltr' id='par_1_17' title="bbox 285 3934 1415 4143">
     <span class='ocr_line' id='line_1_33' title="bbox 287 3934 1415 4042; baseline 0 -17"><span class='ocrx_word' id='word_1_279' title='bbox 287 3970 315 4025; x_wconf 91' lang='lat' dir='ltr'><strong><em>P</em></strong></span> <span class='ocrx_word' id='word_1_280' title='bbox 412 3934 535 4039; x_wconf 68' lang='lat' dir='ltr'>conperit</span> <span class='ocrx_word' id='word_1_281' title='bbox 554 3972 579 4036; x_wconf 78' lang='lat' dir='ltr'>(t</span> <span class='ocrx_word' id='word_1_282' title='bbox 594 3986 612 4023; x_wconf 84' lang='lat' dir='ltr'>o</span> <span class='ocrx_word' id='word_1_283' title='bbox 628 3987 663 4024; x_wconf 87' lang='lat' dir='ltr'>m.</span> <span class='ocrx_word' id='word_1_284' title='bbox 681 3972 713 4039; x_wconf 76' lang='lat'>2)</span> <span class='ocrx_word' id='word_1_285' title='bbox 731 3970 760 4024; x_wconf 93' lang='lat' dir='ltr'><strong><em>P</em></strong></span> <span class='ocrx_word' id='word_1_286' title='bbox 854 3968 887 4023; x_wconf 82' lang='lat'>15</span> <span class='ocrx_word' id='word_1_287' title='bbox 906 3970 1056 4025; x_wconf 79' lang='lat' dir='ltr'>abosoluere</span> <span class='ocrx_word' id='word_1_288' title='bbox 1074 3970 1102 4025; x_wconf 94' lang='lat' dir='ltr'><strong><em>P</em></strong></span> <span class='ocrx_word' id='word_1_289' title='bbox 1194 3971 1259 4042; x_wconf 88' lang='lat' dir='ltr'>quia</span> <span class='ocrx_word' id='word_1_290' title='bbox 1275 3972 1322 4039; x_wconf 76' lang='lat'>1³¹,</span> <span class='ocrx_word' id='word_1_291' title='bbox 1348 3986 1415 4025; x_wconf 82' lang='lat' dir='ltr'>sorr.</span> 
     </span>
     <span class='ocr_line' id='line_1_34' title="bbox 285 4055 1350 4143; baseline 0.003 -17"><span class='ocrx_word' id='word_1_292' title='bbox 285 4075 317 4127; x_wconf 79' lang='lat' dir='ltr'>iu</span> <span class='ocrx_word' id='word_1_293' title='bbox 340 4090 408 4143; x_wconf 89' lang='lat' dir='ltr'>quae</span> <span class='ocrx_word' id='word_1_294' title='bbox 423 4076 498 4129; x_wconf 61' lang='grc' dir='ltr'><em>Μ</em></span> <span class='ocrx_word' id='word_1_295' title='bbox 545 4098 547 4102; x_wconf 52' lang='lat'>&gt;</span> <span class='ocrx_word' id='word_1_296' title='bbox 603 4056 663 4127; x_wconf 58' lang='lat' dir='ltr'>effi</span> <span class='ocrx_word' id='word_1_297' title='bbox 687 4073 721 4137; x_wconf 94' lang='lat' dir='ltr'>P,</span> <span class='ocrx_word' id='word_1_298' title='bbox 755 4057 862 4127; x_wconf 66' lang='lat' dir='ltr'>*omiufr</span> <span class='ocrx_word' id='word_1_299' title='bbox 889 4073 918 4141; x_wconf 94' lang='lat' dir='ltr'>(h</span> <span class='ocrx_word' id='word_1_300' title='bbox 942 4076 1024 4143; x_wconf 83' lang='lat' dir='ltr'>eras.)</span> <span class='ocrx_word' id='word_1_301' title='bbox 1051 4074 1088 4129; x_wconf 92' lang='lat' dir='ltr'>H</span> <span class='ocrx_word' id='word_1_302' title='bbox 1108 4055 1112 4069; x_wconf 61' lang='lat'><strong><em>¹</em></strong></span> <span class='ocrx_word' id='word_1_303' title='bbox 1186 4076 1216 4129; x_wconf 89' lang='lat' dir='ltr'>iu</span> <span class='ocrx_word' id='word_1_304' title='bbox 1244 4090 1294 4129; x_wconf 83' lang='lat' dir='ltr'>om.</span> <span class='ocrx_word' id='word_1_305' title='bbox 1323 4076 1350 4129; x_wconf 91' lang='lat' dir='ltr'><strong><em>B</em></strong></span> 
     </span>
    </p>

    <p class='ocr_par' dir='ltr' id='par_1_18' title="bbox 285 4164 1415 4367">
     <span class='ocr_line' id='line_1_35' title="bbox 287 4164 1415 4283; baseline 0.003 -34"><span class='ocrx_word' id='word_1_306' title='bbox 287 4197 320 4249; x_wconf 85' lang='grc'>16</span> <span class='ocrx_word' id='word_1_307' title='bbox 338 4167 431 4266; x_wconf 72' lang='grc' dir='ltr'>(ἷρυίεο</span> <span class='ocrx_word' id='word_1_308' title='bbox 450 4195 477 4249; x_wconf 90' lang='grc' dir='ltr'>Β</span> <span class='ocrx_word' id='word_1_309' title='bbox 575 4198 705 4281; x_wconf 83' lang='lat' dir='ltr'>tanquam</span> <span class='ocrx_word' id='word_1_310' title='bbox 723 4196 765 4263; x_wconf 74' lang='lat' dir='ltr'>(ta</span> <span class='ocrx_word' id='word_1_311' title='bbox 782 4210 853 4249; x_wconf 81' lang='lat' dir='ltr'>eurr.</span> <span class='ocrx_word' id='word_1_312' title='bbox 872 4212 906 4250; x_wconf 83' lang='lat' dir='ltr'>m.</span> <span class='ocrx_word' id='word_1_313' title='bbox 924 4199 952 4263; x_wconf 83' lang='lat'>2)</span> <span class='ocrx_word' id='word_1_314' title='bbox 971 4196 999 4249; x_wconf 97' lang='lat' dir='ltr'><strong><em>P</em></strong></span> <span class='ocrx_word' id='word_1_315' title='bbox 1096 4196 1129 4251; x_wconf 77' lang='lat'>17</span> <span class='ocrx_word' id='word_1_316' title='bbox 1147 4164 1218 4283; x_wconf 59' lang='grc' dir='ltr'>ᾶίοξῐ</span> <span class='ocrx_word' id='word_1_317' title='bbox 1236 4198 1318 4265; x_wconf 82' lang='lat' dir='ltr'>(corr.</span> <span class='ocrx_word' id='word_1_318' title='bbox 1336 4214 1370 4251; x_wconf 87' lang='lat' dir='ltr'>m.</span> <span class='ocrx_word' id='word_1_319' title='bbox 1385 4199 1415 4262; x_wconf 71' lang='lat'>2)</span> 
     </span>
     <span class='ocr_line' id='line_1_36' title="bbox 285 4298 1414 4367; baseline 0.002 -14"><span class='ocrx_word' id='word_1_320' title='bbox 285 4299 319 4353; x_wconf 91' lang='lat' dir='ltr'><strong><em>H</em></strong></span> <span class='ocrx_word' id='word_1_321' title='bbox 420 4300 453 4353; x_wconf 91' lang='lat'>18</span> <span class='ocrx_word' id='word_1_322' title='bbox 476 4298 594 4354; x_wconf 83' lang='lat' dir='ltr'>affuturo</span> <span class='ocrx_word' id='word_1_323' title='bbox 616 4300 661 4365; x_wconf 90' lang='lat' dir='ltr'>H,</span> <span class='ocrx_word' id='word_1_324' title='bbox 690 4299 817 4353; x_wconf 83' lang='lat' dir='ltr'>affeeturo</span> <span class='ocrx_word' id='word_1_325' title='bbox 840 4300 880 4365; x_wconf 90' lang='lat' dir='ltr'>B,</span> <span class='ocrx_word' id='word_1_326' title='bbox 910 4300 1037 4355; x_wconf 84' lang='lat' dir='ltr'>effeeturo</span> <span class='ocrx_word' id='word_1_327' title='bbox 1059 4301 1115 4357; x_wconf 83' lang='lat' dir='ltr'>Ool.</span> <span class='ocrx_word' id='word_1_328' title='bbox 1141 4301 1225 4367; x_wconf 66' lang='lat' dir='ltr'>aaa,</span> <span class='ocrx_word' id='word_1_329' title='bbox 1256 4301 1317 4355; x_wconf 82' lang='lat' dir='ltr'>furo</span> <span class='ocrx_word' id='word_1_330' title='bbox 1340 4301 1414 4365; x_wconf 70' lang='lat' dir='ltr'>Por,</span> 
     </span>
    </p>
   </div>
   <div class='ocr_carea' id='block_1_18' title="bbox 186 4384 1096 4454">
    <p class='ocr_par' dir='ltr' id='par_1_19' title="bbox 186 4384 1096 4454">
     <span class='ocr_line' id='line_1_37' title="bbox 186 4384 1096 4454; baseline 0.007 -19"><span class='ocrx_word' id='word_1_331' title='bbox 186 4399 188 4409; x_wconf 92' lang='lat'>·</span> <span class='ocrx_word' id='word_1_332' title='bbox 286 4386 378 4437; x_wconf 83' lang='lat' dir='ltr'>futuro</span> <span class='ocrx_word' id='word_1_333' title='bbox 396 4384 478 4440; x_wconf 82' lang='lat' dir='ltr'>Areo.</span> <span class='ocrx_word' id='word_1_334' title='bbox 582 4384 743 4453; x_wconf 80' lang='lat' dir='ltr'>grabbatum</span> <span class='ocrx_word' id='word_1_335' title='bbox 762 4384 826 4449; x_wconf 88' lang='lat' dir='ltr'>PB,</span> <span class='ocrx_word' id='word_1_336' title='bbox 857 4386 1013 4454; x_wconf 84' lang='lat' dir='ltr'>grabattum</span> <span class='ocrx_word' id='word_1_337' title='bbox 1032 4387 1096 4443; x_wconf 87' lang='lat' dir='ltr'>RH</span> 
     </span>
    </p>
   </div>
   <div class='ocr_carea' id='block_1_19' title="bbox 0 0 1576 5032">
    <p class='ocr_par' dir='ltr' id='par_1_20' title="bbox 0 0 1576 5032">
     <span class='ocr_line' id='line_1_38' title="bbox 0 0 1576 5032; baseline 0 0"><span class='ocrx_word' id='word_1_338' title='bbox 0 0 1576 5032; x_wconf 95' lang='lat' dir='ltr'> </span> 
     </span>
    </p>
   </div>
  </div>
 </body>
</html>
