<?xml version="1.0" encoding="UTF-8"?>
<!DOCTYPE html PUBLIC "-//W3C//DTD XHTML 1.0 Transitional//EN"
    "http://www.w3.org/TR/xhtml1/DTD/xhtml1-transitional.dtd">
<html xmlns="http://www.w3.org/1999/xhtml" xml:lang="en" lang="en">
 <head>
  <title>
</title>
<meta http-equiv="Content-Type" content="text/html;charset=utf-8" />
  <meta name='ocr-system' content='tesseract 3.04.00' />
  <meta name='ocr-capabilities' content='ocr_page ocr_carea ocr_par ocr_line ocrx_word'/>
</head>
<body>
  <div class='ocr_page' id='page_1' title='image "./corpusscriptoru06wiengoog_0294.png"; bbox 0 0 3142 5034; ppageno 0'>
   <div class='ocr_carea' id='block_1_1' title="bbox 242 279 874 348">
    <p class='ocr_par' dir='ltr' id='par_1_1' title="bbox 242 279 874 348">
     <span class='ocr_line' id='line_1_1' title="bbox 242 279 874 348; baseline -0.006 -13"><span class='ocrx_word' id='word_1_1' title='bbox 242 282 307 348; x_wconf 79' lang='lat'>230</span> <span class='ocrx_word' id='word_1_2' title='bbox 738 279 874 333; x_wconf 72' lang='lat' dir='ltr'>seruus</span> 
     </span>
    </p>
   </div>
   <div class='ocr_carea' id='block_1_2' title="bbox 239 468 1402 967">
    <p class='ocr_par' dir='ltr' id='par_1_2' title="bbox 239 468 1402 967">
     <span class='ocr_line' id='line_1_2' title="bbox 242 468 1369 553; baseline -0.003 -19"><span class='ocrx_word' id='word_1_3' title='bbox 242 472 295 553; x_wconf 85' lang='lat' dir='ltr'>qui</span> <span class='ocrx_word' id='word_1_4' title='bbox 323 469 471 535; x_wconf 89' lang='lat' dir='ltr'>tmeidat.</span> <span class='ocrx_word' id='word_1_5' title='bbox 509 468 541 534; x_wconf 90' lang='lat' dir='ltr'>in</span> <span class='ocrx_word' id='word_1_6' title='bbox 564 470 623 533; x_wconf 89' lang='lat' dir='ltr'>hoe</span> <span class='ocrx_word' id='word_1_7' title='bbox 645 471 728 533; x_wconf 90' lang='lat' dir='ltr'>enim</span> <span class='ocrx_word' id='word_1_8' title='bbox 751 487 805 549; x_wconf 89' lang='lat' dir='ltr'>per</span> <span class='ocrx_word' id='word_1_9' title='bbox 828 471 920 533; x_wconf 85' lang='lat' dir='ltr'>bonos</span> <span class='ocrx_word' id='word_1_10' title='bbox 944 468 1063 533; x_wconf 83' lang='lat' dir='ltr'>fruetus</span> <span class='ocrx_word' id='word_1_11' title='bbox 1087 468 1178 539; x_wconf 88' lang='lat' dir='ltr'>arbor</span> <span class='ocrx_word' id='word_1_12' title='bbox 1202 471 1250 533; x_wconf 86' lang='lat' dir='ltr'>est</span> <span class='ocrx_word' id='word_1_13' title='bbox 1276 468 1369 549; x_wconf 88' lang='lat' dir='ltr'>uitae,</span> 
     </span>
     <span class='ocr_line' id='line_1_3' title="bbox 241 571 1370 654; baseline -0.003 -17"><span class='ocrx_word' id='word_1_14' title='bbox 241 574 275 638; x_wconf 90' lang='lat' dir='ltr'>in</span> <span class='ocrx_word' id='word_1_15' title='bbox 312 572 368 637; x_wconf 94' lang='lat' dir='ltr'>illo</span> <span class='ocrx_word' id='word_1_16' title='bbox 405 592 460 654; x_wconf 83' lang='lat' dir='ltr'>pen</span> <span class='ocrx_word' id='word_1_17' title='bbox 495 572 597 636; x_wconf 90' lang='lat' dir='ltr'>malos</span> <span class='ocrx_word' id='word_1_18' title='bbox 633 572 722 635; x_wconf 82' lang='lat' dir='ltr'>radix</span> <span class='ocrx_word' id='word_1_19' title='bbox 764 571 1039 653; x_wconf 84' lang='lat' dir='ltr'>praeuaricationis</span> <span class='ocrx_word' id='word_1_20' title='bbox 1078 571 1233 654; x_wconf 88' lang='lat' dir='ltr'>antiquae.</span> <span class='ocrx_word' id='word_1_21' title='bbox 1284 574 1370 635; x_wconf 87' lang='lat' dir='ltr'>aetus</span> 
     </span>
     <span class='ocr_line' id='line_1_4' title="bbox 241 673 1370 759; baseline -0.004 -18"><span class='ocrx_word' id='word_1_22' title='bbox 241 695 374 759; x_wconf 91' lang='lat' dir='ltr'>namque</span> <span class='ocrx_word' id='word_1_23' title='bbox 411 676 531 739; x_wconf 87' lang='lat' dir='ltr'>fruetus</span> <span class='ocrx_word' id='word_1_24' title='bbox 568 675 711 758; x_wconf 79' lang='lat' dir='ltr'>intellegi</span> <span class='ocrx_word' id='word_1_25' title='bbox 748 674 930 757; x_wconf 82' lang='lat' dir='ltr'>euangelica</span> <span class='ocrx_word' id='word_1_26' title='bbox 967 675 1059 739; x_wconf 90' lang='lat' dir='ltr'>leotio</span> <span class='ocrx_word' id='word_1_27' title='bbox 1095 674 1278 756; x_wconf 87' lang='lat' dir='ltr'>deelarauit,</span> <span class='ocrx_word' id='word_1_28' title='bbox 1317 673 1370 737; x_wconf 91' lang='lat' dir='ltr'>ubi</span> 
     </span>
     <span class='ocr_line' id='line_1_5' title="bbox 242 778 1370 865; baseline -0.004 -20"><span class='ocrx_word' id='word_1_29' title='bbox 242 780 393 845; x_wconf 87' lang='lat' dir='ltr'>Dominus</span> <span class='ocrx_word' id='word_1_30' title='bbox 414 779 518 846; x_wconf 91' lang='lat' dir='ltr'>uarias</span> <span class='ocrx_word' id='word_1_31' title='bbox 546 778 742 844; x_wconf 86' lang='lat' dir='ltr'>diuersorum</span> <span class='ocrx_word' id='word_1_32' title='bbox 763 779 884 865; x_wconf 87' lang='lat' dir='ltr'>mentes</span> <span class='ocrx_word' id='word_1_33' title='bbox 909 778 1051 861; x_wconf 90' lang='lat' dir='ltr'>aperiens</span> <span class='ocrx_word' id='word_1_34' title='bbox 1075 796 1111 841; x_wconf 84' lang='lat' dir='ltr'>ex</span> <span class='ocrx_word' id='word_1_35' title='bbox 1137 778 1202 843; x_wconf 90' lang='lat' dir='ltr'>suis</span> <span class='ocrx_word' id='word_1_36' title='bbox 1219 795 1370 859; x_wconf 89' lang='lat' dir='ltr'>quemque</span> 
     </span>
     <span class='ocr_line' id='line_1_6' title="bbox 239 880 1402 967; baseline -0.004 -20"><span class='ocrx_word' id='word_1_37' title='bbox 239 884 393 949; x_wconf 80' lang='lat' dir='ltr'>smotibus</span> <span class='ocrx_word' id='word_1_38' title='bbox 410 884 441 947; x_wconf 96' lang='lat' dir='ltr'>id</span> <span class='ocrx_word' id='word_1_39' title='bbox 457 883 504 947; x_wconf 91' lang='lat' dir='ltr'>est</span> <span class='ocrx_word' id='word_1_40' title='bbox 519 902 555 947; x_wconf 84' lang='lat' dir='ltr'>ex</span> <span class='ocrx_word' id='word_1_41' title='bbox 570 882 713 967; x_wconf 90' lang='lat' dir='ltr'>operibns</span> <span class='ocrx_word' id='word_1_42' title='bbox 728 882 821 961; x_wconf 87' lang='lat' dir='ltr'>iussit</span> <span class='ocrx_word' id='word_1_43' title='bbox 837 882 965 963; x_wconf 89' lang='lat' dir='ltr'>agnosei</span> <span class='ocrx_word' id='word_1_44' title='bbox 978 883 1099 947; x_wconf 89' lang='lat' dir='ltr'>dieens:</span> <span class='ocrx_word' id='word_1_45' title='bbox 1118 900 1160 946; x_wconf 82' lang='lat' dir='ltr'>er</span> <span class='ocrx_word' id='word_1_46' title='bbox 1174 880 1369 945; x_wconf 87' lang='lat' dir='ltr'>fruetibus</span> <span class='ocrx_word' id='word_1_47' title='bbox 1389 900 1402 942; x_wconf 81' lang='grc' dir='ltr'>ι</span> 
     </span>
    </p>
   </div>
   <div class='ocr_carea' id='block_1_3' title="bbox 150 983 1369 1069">
    <p class='ocr_par' dir='ltr' id='par_1_3' title="bbox 150 983 1369 1069">
     <span class='ocr_line' id='line_1_7' title="bbox 150 983 1369 1069; baseline -0.003 -18"><span class='ocrx_word' id='word_1_48' title='bbox 150 1014 153 1019; x_wconf 48' lang='grc'>“</span> <span class='ocrx_word' id='word_1_49' title='bbox 240 1004 372 1051; x_wconf 91' lang='lat' dir='ltr'>eorum</span> <span class='ocrx_word' id='word_1_50' title='bbox 403 986 651 1069; x_wconf 86' lang='lat' dir='ltr'>eognosoetis</span> <span class='ocrx_word' id='word_1_51' title='bbox 674 1003 744 1050; x_wconf 88' lang='lat' dir='ltr'>eos.</span> <span class='ocrx_word' id='word_1_52' title='bbox 782 985 938 1069; x_wconf 80' lang='lat' dir='ltr'>siquidem</span> <span class='ocrx_word' id='word_1_53' title='bbox 953 986 1070 1067; x_wconf 89' lang='lat' dir='ltr'>quanta</span> <span class='ocrx_word' id='word_1_54' title='bbox 1085 985 1236 1049; x_wconf 87' lang='lat' dir='ltr'>distantia</span> <span class='ocrx_word' id='word_1_55' title='bbox 1251 983 1369 1048; x_wconf 88' lang='lat' dir='ltr'>eaelum</span> 
     </span>
    </p>
   </div>
   <div class='ocr_carea' id='block_1_4' title="bbox 217 1088 1400 2416">
    <p class='ocr_par' dir='ltr' id='par_1_4' title="bbox 217 1088 1400 2416">
     <span class='ocr_line' id='line_1_8' title="bbox 240 1088 1369 1173; baseline -0.004 -18"><span class='ocrx_word' id='word_1_56' title='bbox 240 1092 401 1173; x_wconf 88' lang='lat' dir='ltr'>separatur</span> <span class='ocrx_word' id='word_1_57' title='bbox 428 1108 447 1155; x_wconf 91' lang='lat' dir='ltr'>a</span> <span class='ocrx_word' id='word_1_58' title='bbox 476 1090 578 1167; x_wconf 86' lang='lat' dir='ltr'>terris,</span> <span class='ocrx_word' id='word_1_59' title='bbox 607 1090 689 1173; x_wconf 89' lang='lat' dir='ltr'>ignis</span> <span class='ocrx_word' id='word_1_60' title='bbox 718 1090 757 1153; x_wconf 91' lang='lat' dir='ltr'>ab</span> <span class='ocrx_word' id='word_1_61' title='bbox 786 1088 886 1171; x_wconf 87' lang='lat' dir='ltr'>aquis,</span> <span class='ocrx_word' id='word_1_62' title='bbox 916 1088 1023 1153; x_wconf 91' lang='lat' dir='ltr'>lumen</span> <span class='ocrx_word' id='word_1_63' title='bbox 1053 1107 1072 1153; x_wconf 90' lang='lat' dir='ltr'>a</span> <span class='ocrx_word' id='word_1_64' title='bbox 1100 1088 1246 1163; x_wconf 90' lang='lat' dir='ltr'>tenebris,</span> <span class='ocrx_word' id='word_1_65' title='bbox 1271 1106 1369 1169; x_wconf 81' lang='lat' dir='ltr'>para</span> 
     </span>
     <span class='ocr_line' id='line_1_9' title="bbox 217 1192 1367 1275; baseline -0.003 -16"><span class='ocrx_word' id='word_1_66' title='bbox 217 1194 342 1271; x_wconf 78' lang='lat' dir='ltr'>bellis,</span> <span class='ocrx_word' id='word_1_67' title='bbox 371 1194 439 1259; x_wconf 89' lang='lat' dir='ltr'>uita</span> <span class='ocrx_word' id='word_1_68' title='bbox 471 1192 674 1258; x_wconf 89' lang='lat' dir='ltr'>nihilominus</span> <span class='ocrx_word' id='word_1_69' title='bbox 696 1211 714 1256; x_wconf 92' lang='lat' dir='ltr'>a</span> <span class='ocrx_word' id='word_1_70' title='bbox 736 1192 920 1275; x_wconf 79' lang='lat' dir='ltr'>sepulchris,</span> <span class='ocrx_word' id='word_1_71' title='bbox 955 1196 1079 1257; x_wconf 90' lang='lat' dir='ltr'>tantum</span> <span class='ocrx_word' id='word_1_72' title='bbox 1112 1209 1244 1274; x_wconf 88' lang='lat' dir='ltr'>magnae</span> <span class='ocrx_word' id='word_1_73' title='bbox 1267 1208 1367 1256; x_wconf 90' lang='lat' dir='ltr'>remo·</span> 
     </span>
     <span class='ocr_line' id='line_1_10' title="bbox 239 1295 1367 1380; baseline -0.002 -19"><span class='ocrx_word' id='word_1_74' title='bbox 239 1297 333 1363; x_wconf 90' lang='lat' dir='ltr'>tionis</span> <span class='ocrx_word' id='word_1_75' title='bbox 363 1298 509 1362; x_wconf 75' lang='lat' dir='ltr'>abscessu</span> <span class='ocrx_word' id='word_1_76' title='bbox 539 1297 663 1380; x_wconf 90' lang='lat' dir='ltr'>longius</span> <span class='ocrx_word' id='word_1_77' title='bbox 694 1295 776 1360; x_wconf 91' lang='lat' dir='ltr'>bona</span> <span class='ocrx_word' id='word_1_78' title='bbox 811 1296 1028 1361; x_wconf 84' lang='lat' dir='ltr'>discernuntur</span> <span class='ocrx_word' id='word_1_79' title='bbox 1057 1314 1075 1359; x_wconf 93' lang='lat' dir='ltr'>a</span> <span class='ocrx_word' id='word_1_80' title='bbox 1103 1296 1205 1361; x_wconf 90' lang='lat' dir='ltr'>malis.</span> <span class='ocrx_word' id='word_1_81' title='bbox 1253 1295 1367 1377; x_wconf 77' lang='lat' dir='ltr'>duplex</span> 
     </span>
     <span class='ocr_line' id='line_1_11' title="bbox 240 1397 1400 1487; baseline -0.007 -21"><span class='ocrx_word' id='word_1_82' title='bbox 240 1402 356 1466; x_wconf 85' lang='lat' dir='ltr'>etenim</span> <span class='ocrx_word' id='word_1_83' title='bbox 379 1420 503 1484; x_wconf 87' lang='lat' dir='ltr'>semper</span> <span class='ocrx_word' id='word_1_84' title='bbox 524 1401 634 1465; x_wconf 88' lang='lat' dir='ltr'>eleetio</span> <span class='ocrx_word' id='word_1_85' title='bbox 650 1399 883 1466; x_wconf 76' lang='lat' dir='ltr'>deliberationis</span> <span class='ocrx_word' id='word_1_86' title='bbox 900 1402 1025 1464; x_wconf 86' lang='lat' dir='ltr'>nostrae</span> <span class='ocrx_word' id='word_1_87' title='bbox 1041 1397 1400 1487; x_wconf 85' lang='lat' dir='ltr'>famulaturanbitrio,1o</span> 
     </span>
     <span class='ocr_line' id='line_1_12' title="bbox 240 1502 1367 1588; baseline -0.004 -19"><span class='ocrx_word' id='word_1_88' title='bbox 240 1524 300 1588; x_wconf 92' lang='lat' dir='ltr'>quo</span> <span class='ocrx_word' id='word_1_89' title='bbox 322 1506 376 1569; x_wconf 91' lang='lat' dir='ltr'>uel</span> <span class='ocrx_word' id='word_1_90' title='bbox 399 1505 542 1570; x_wconf 84' lang='lat' dir='ltr'>dextrum</span> <span class='ocrx_word' id='word_1_91' title='bbox 565 1505 727 1570; x_wconf 82' lang='lat' dir='ltr'>teneamus</span> <span class='ocrx_word' id='word_1_92' title='bbox 742 1504 906 1569; x_wconf 78' lang='lat' dir='ltr'>tramitem</span> <span class='ocrx_word' id='word_1_93' title='bbox 922 1505 974 1568; x_wconf 90' lang='lat' dir='ltr'>uel</span> <span class='ocrx_word' id='word_1_94' title='bbox 988 1503 1162 1583; x_wconf 86' lang='lat' dir='ltr'>sinistrum,</span> <span class='ocrx_word' id='word_1_95' title='bbox 1186 1520 1247 1568; x_wconf 89' lang='lat' dir='ltr'>non</span> <span class='ocrx_word' id='word_1_96' title='bbox 1268 1502 1367 1586; x_wconf 88' lang='lat' dir='ltr'>ignari</span> 
     </span>
     <span class='ocr_line' id='line_1_13' title="bbox 240 1603 1366 1674; baseline -0.004 -1"><span class='ocrx_word' id='word_1_97' title='bbox 240 1608 293 1673; x_wconf 89' lang='lat' dir='ltr'>uel</span> <span class='ocrx_word' id='word_1_98' title='bbox 324 1606 410 1673; x_wconf 90' lang='lat' dir='ltr'>dubii</span> <span class='ocrx_word' id='word_1_99' title='bbox 433 1609 575 1674; x_wconf 80' lang='lat' dir='ltr'>dextram</span> <span class='ocrx_word' id='word_1_100' title='bbox 604 1608 751 1673; x_wconf 81' lang='lat' dir='ltr'>semitam</span> <span class='ocrx_word' id='word_1_101' title='bbox 773 1626 841 1671; x_wconf 92' lang='lat' dir='ltr'>esse</span> <span class='ocrx_word' id='word_1_102' title='bbox 864 1607 1018 1674; x_wconf 88' lang='lat' dir='ltr'>iustorum</span> <span class='ocrx_word' id='word_1_103' title='bbox 1041 1608 1075 1673; x_wconf 94' lang='lat' dir='ltr'>in</span> <span class='ocrx_word' id='word_1_104' title='bbox 1097 1606 1241 1674; x_wconf 86' lang='lat' dir='ltr'>Abrahae</span> <span class='ocrx_word' id='word_1_105' title='bbox 1266 1603 1366 1670; x_wconf 86' lang='lat' dir='ltr'>Patri-</span> 
     </span>
     <span class='ocr_line' id='line_1_14' title="bbox 240 1708 1365 1795; baseline -0.005 -18"><span class='ocrx_word' id='word_1_106' title='bbox 240 1712 352 1777; x_wconf 91' lang='lat' dir='ltr'>arehae</span> <span class='ocrx_word' id='word_1_107' title='bbox 389 1710 460 1777; x_wconf 92' lang='lat' dir='ltr'>sinu</span> <span class='ocrx_word' id='word_1_108' title='bbox 498 1711 701 1795; x_wconf 89' lang='lat' dir='ltr'>laetantium,</span> <span class='ocrx_word' id='word_1_109' title='bbox 735 1712 861 1776; x_wconf 91' lang='lat' dir='ltr'>laeuam</span> <span class='ocrx_word' id='word_1_110' title='bbox 894 1730 966 1777; x_wconf 90' lang='lat' dir='ltr'>uero</span> <span class='ocrx_word' id='word_1_111' title='bbox 984 1710 1165 1793; x_wconf 87' lang='lat' dir='ltr'>profundis</span> <span class='ocrx_word' id='word_1_112' title='bbox 1202 1708 1365 1793; x_wconf 89' lang='lat' dir='ltr'>impiorum</span> 
     </span>
     <span class='ocr_line' id='line_1_15' title="bbox 240 1811 1366 1898; baseline -0.004 -19"><span class='ocrx_word' id='word_1_113' title='bbox 240 1814 401 1898; x_wconf 90' lang='lat' dir='ltr'>supplioiis</span> <span class='ocrx_word' id='word_1_114' title='bbox 423 1816 616 1897; x_wconf 85' lang='lat' dir='ltr'>deputatam,</span> <span class='ocrx_word' id='word_1_115' title='bbox 638 1814 719 1880; x_wconf 93' lang='lat' dir='ltr'>uude</span> <span class='ocrx_word' id='word_1_116' title='bbox 740 1814 847 1881; x_wconf 90' lang='lat' dir='ltr'>nullus</span> <span class='ocrx_word' id='word_1_117' title='bbox 870 1813 910 1878; x_wconf 90' lang='lat' dir='ltr'>ad</span> <span class='ocrx_word' id='word_1_118' title='bbox 932 1815 1065 1879; x_wconf 88' lang='lat' dir='ltr'>alterum</span> <span class='ocrx_word' id='word_1_119' title='bbox 1088 1833 1142 1896; x_wconf 89' lang='lat' dir='ltr'>per</span> <span class='ocrx_word' id='word_1_120' title='bbox 1164 1818 1231 1879; x_wconf 90' lang='lat' dir='ltr'>tam</span> <span class='ocrx_word' id='word_1_121' title='bbox 1253 1811 1366 1895; x_wconf 87' lang='lat' dir='ltr'>grande</span> 
     </span>
     <span class='ocr_line' id='line_1_16' title="bbox 240 1916 1396 2001; baseline -0.005 -16"><span class='ocrx_word' id='word_1_122' title='bbox 240 1920 332 1985; x_wconf 86' lang='lat' dir='ltr'>ehaos</span> <span class='ocrx_word' id='word_1_123' title='bbox 362 1921 395 1984; x_wconf 94' lang='lat' dir='ltr'>et</span> <span class='ocrx_word' id='word_1_124' title='bbox 424 1920 575 2001; x_wconf 88' lang='lat' dir='ltr'>abruptae</span> <span class='ocrx_word' id='word_1_125' title='bbox 601 1919 694 1984; x_wconf 90' lang='lat' dir='ltr'>molis</span> <span class='ocrx_word' id='word_1_126' title='bbox 716 1920 896 1983; x_wconf 88' lang='lat' dir='ltr'>inmensum</span> <span class='ocrx_word' id='word_1_127' title='bbox 930 1920 1036 1983; x_wconf 90' lang='lat' dir='ltr'>ualeat</span> <span class='ocrx_word' id='word_1_128' title='bbox 1071 1920 1262 1983; x_wconf 88' lang='lat' dir='ltr'>transmeare</span> <span class='ocrx_word' id='word_1_129' title='bbox 1285 1916 1396 1997; x_wconf 79' lang='lat' dir='ltr'>peri-n</span> 
     </span>
     <span class='ocr_line' id='line_1_17' title="bbox 240 2020 1366 2105; baseline -0.005 -18"><span class='ocrx_word' id='word_1_130' title='bbox 240 2024 356 2088; x_wconf 89' lang='lat' dir='ltr'>eulum.</span> <span class='ocrx_word' id='word_1_131' title='bbox 394 2022 471 2087; x_wconf 86' lang='lat' dir='ltr'>haee</span> <span class='ocrx_word' id='word_1_132' title='bbox 501 2025 549 2087; x_wconf 90' lang='lat' dir='ltr'>est</span> <span class='ocrx_word' id='word_1_133' title='bbox 578 2023 679 2105; x_wconf 89' lang='lat' dir='ltr'>igitur</span> <span class='ocrx_word' id='word_1_134' title='bbox 706 2022 795 2086; x_wconf 88' lang='lat' dir='ltr'>nobis</span> <span class='ocrx_word' id='word_1_135' title='bbox 827 2021 957 2086; x_wconf 91' lang='lat' dir='ltr'>libertas</span> <span class='ocrx_word' id='word_1_136' title='bbox 988 2021 1144 2104; x_wconf 89' lang='lat' dir='ltr'>optabilis,</span> <span class='ocrx_word' id='word_1_137' title='bbox 1174 2023 1211 2087; x_wconf 91' lang='lat' dir='ltr'>ut</span> <span class='ocrx_word' id='word_1_138' title='bbox 1241 2038 1313 2087; x_wconf 91' lang='lat' dir='ltr'>oues</span> <span class='ocrx_word' id='word_1_139' title='bbox 1337 2020 1366 2082; x_wconf 93' lang='lat' dir='ltr'>et</span> 
     </span>
     <span class='ocr_line' id='line_1_18' title="bbox 239 2124 1366 2208; baseline -0.003 -21"><span class='ocrx_word' id='word_1_140' title='bbox 239 2124 311 2208; x_wconf 90' lang='lat' dir='ltr'>agni</span> <span class='ocrx_word' id='word_1_141' title='bbox 332 2124 448 2188; x_wconf 93' lang='lat' dir='ltr'>summi</span> <span class='ocrx_word' id='word_1_142' title='bbox 463 2127 597 2207; x_wconf 89' lang='lat' dir='ltr'>pastoris</span> <span class='ocrx_word' id='word_1_143' title='bbox 613 2125 808 2191; x_wconf 82' lang='lat' dir='ltr'>siluerimus</span> <span class='ocrx_word' id='word_1_144' title='bbox 824 2125 912 2205; x_wconf 84' lang='lat' dir='ltr'>digni</span> <span class='ocrx_word' id='word_1_145' title='bbox 927 2125 1054 2204; x_wconf 89' lang='lat' dir='ltr'>oenseri,</span> <span class='ocrx_word' id='word_1_146' title='bbox 1069 2128 1175 2189; x_wconf 90' lang='lat' dir='ltr'>toruos</span> <span class='ocrx_word' id='word_1_147' title='bbox 1191 2140 1366 2187; x_wconf 89' lang='lat' dir='ltr'>mereamur</span> 
     </span>
     <span class='ocr_line' id='line_1_19' title="bbox 239 2225 1365 2311; baseline -0.004 -17"><span class='ocrx_word' id='word_1_148' title='bbox 239 2229 304 2310; x_wconf 90' lang='lat' dir='ltr'>lupi</span> <span class='ocrx_word' id='word_1_149' title='bbox 326 2245 447 2292; x_wconf 88' lang='lat' dir='ltr'>morsus</span> <span class='ocrx_word' id='word_1_150' title='bbox 470 2228 600 2293; x_wconf 88' lang='lat' dir='ltr'>euadere</span> <span class='ocrx_word' id='word_1_151' title='bbox 618 2229 712 2310; x_wconf 88' lang='lat' dir='ltr'>atque</span> <span class='ocrx_word' id='word_1_152' title='bbox 726 2228 914 2293; x_wconf 88' lang='lat' dir='ltr'>suauissima</span> <span class='ocrx_word' id='word_1_153' title='bbox 931 2226 1048 2293; x_wconf 77' lang='lat' dir='ltr'>Christi</span> <span class='ocrx_word' id='word_1_154' title='bbox 1071 2246 1126 2310; x_wconf 89' lang='lat' dir='ltr'>per</span> <span class='ocrx_word' id='word_1_155' title='bbox 1148 2245 1265 2311; x_wconf 87' lang='lat' dir='ltr'>pasena</span> <span class='ocrx_word' id='word_1_156' title='bbox 1287 2225 1365 2309; x_wconf 88' lang='lat' dir='ltr'>largi</span> 
     </span>
     <span class='ocr_line' id='line_1_20' title="bbox 239 2331 1266 2416; baseline -0.004 -19"><span class='ocrx_word' id='word_1_157' title='bbox 239 2332 325 2397; x_wconf 86' lang='lat' dir='ltr'>floris</span> <span class='ocrx_word' id='word_1_158' title='bbox 348 2331 536 2397; x_wconf 89' lang='lat' dir='ltr'>amoenitate</span> <span class='ocrx_word' id='word_1_159' title='bbox 558 2332 739 2416; x_wconf 87' lang='lat' dir='ltr'>gratissima</span> <span class='ocrx_word' id='word_1_160' title='bbox 761 2331 862 2397; x_wconf 89' lang='lat' dir='ltr'>uitam</span> <span class='ocrx_word' id='word_1_161' title='bbox 885 2349 1010 2413; x_wconf 90' lang='lat' dir='ltr'>oarpere</span> <span class='ocrx_word' id='word_1_162' title='bbox 1032 2332 1095 2396; x_wconf 90' lang='lat' dir='ltr'>iam</span> <span class='ocrx_word' id='word_1_163' title='bbox 1116 2348 1266 2395; x_wconf 79' lang='lat' dir='ltr'>securam.</span> 
     </span>
    </p>
   </div>
   <div class='ocr_carea' id='block_1_5' title="bbox 342 2590 626 2654">
    <p class='ocr_par' dir='ltr' id='par_1_5' title="bbox 342 2590 626 2654">
     <span class='ocr_line' id='line_1_21' title="bbox 342 2590 626 2654; baseline 0.007 -11"><span class='ocrx_word' id='word_1_164' title='bbox 342 2591 359 2643; x_wconf 85' lang='lat'><strong>5</strong></span> <span class='ocrx_word' id='word_1_165' title='bbox 379 2591 413 2644; x_wconf 83' lang='lat' dir='ltr'>of.</span> <span class='ocrx_word' id='word_1_166' title='bbox 432 2590 531 2643; x_wconf 87' lang='lat' dir='ltr'>Matth.</span> <span class='ocrx_word' id='word_1_167' title='bbox 551 2592 626 2654; x_wconf 76' lang='grc'><strong>7,16</strong></span> 
     </span>
    </p>
   </div>
   <div class='ocr_carea' id='block_1_6' title="bbox 239 2827 1363 3278">
    <p class='ocr_par' dir='ltr' id='par_1_6' title="bbox 239 2827 1363 3278">
     <span class='ocr_line' id='line_1_22' title="bbox 292 2827 1298 2899; baseline -0.001 -16"><span class='ocrx_word' id='word_1_168' title='bbox 292 2828 460 2884; x_wconf 85' lang='lat' dir='ltr'>larborest</span> <span class='ocrx_word' id='word_1_169' title='bbox 477 2831 516 2897; x_wconf 87' lang='lat' dir='ltr'>(at</span> <span class='ocrx_word' id='word_1_170' title='bbox 534 2833 614 2899; x_wconf 79' lang='lat' dir='ltr'>corr.)</span> <span class='ocrx_word' id='word_1_171' title='bbox 632 2830 666 2894; x_wconf 88' lang='lat' dir='ltr'>P,</span> <span class='ocrx_word' id='word_1_172' title='bbox 695 2828 815 2883; x_wconf 86' lang='lat' dir='ltr'>arborem</span> <span class='ocrx_word' id='word_1_173' title='bbox 832 2828 917 2891; x_wconf 89' lang='grc' dir='ltr'><strong><em>ΗΒΙ,</em></strong></span> <span class='ocrx_word' id='word_1_174' title='bbox 947 2827 1053 2882; x_wconf 90' lang='lat' dir='ltr'>arbores</span> <span class='ocrx_word' id='word_1_175' title='bbox 1071 2844 1087 2883; x_wconf 88' lang='lat' dir='ltr'>o</span> <span class='ocrx_word' id='word_1_176' title='bbox 1105 2830 1196 2895; x_wconf 84' lang='lat' dir='ltr'>(arbor</span> <span class='ocrx_word' id='word_1_177' title='bbox 1215 2828 1298 2891; x_wconf 79' lang='lat' dir='ltr'>Gall.)</span> 
     </span>
     <span class='ocr_line' id='line_1_23' title="bbox 239 2927 1301 3054; baseline -0.004 -33"><span class='ocrx_word' id='word_1_178' title='bbox 239 2968 256 3022; x_wconf 82' lang='grc'>2</span> <span class='ocrx_word' id='word_1_179' title='bbox 282 2984 330 3037; x_wconf 84' lang='lat' dir='ltr'>per</span> <span class='ocrx_word' id='word_1_180' title='bbox 355 2983 407 3021; x_wconf 87' lang='lat' dir='ltr'>om.</span> <span class='ocrx_word' id='word_1_181' title='bbox 434 2968 462 3021; x_wconf 95' lang='lat' dir='ltr'><strong><em>P</em></strong></span> <span class='ocrx_word' id='word_1_182' title='bbox 561 2967 578 3021; x_wconf 84' lang='lat'><strong>3</strong></span> <span class='ocrx_word' id='word_1_183' title='bbox 605 2927 757 3054; x_wconf 49' lang='lat' dir='ltr'>declaratur</span> <span class='ocrx_word' id='word_1_184' title='bbox 783 2969 812 3033; x_wconf 82' lang='lat' dir='ltr'>(d</span> <span class='ocrx_word' id='word_1_185' title='bbox 836 2980 907 3019; x_wconf 84' lang='lat' dir='ltr'>am.</span> <span class='ocrx_word' id='word_1_186' title='bbox 926 2966 957 3031; x_wconf 75' lang='lat'>2)</span> <span class='ocrx_word' id='word_1_187' title='bbox 986 2966 1013 3019; x_wconf 93' lang='lat' dir='ltr'><strong><em>P</em></strong></span> <span class='ocrx_word' id='word_1_188' title='bbox 1115 2966 1132 3019; x_wconf 87' lang='lat'><strong>4</strong></span> <span class='ocrx_word' id='word_1_189' title='bbox 1156 2965 1247 3022; x_wconf 86' lang='lat' dir='ltr'>uarios</span> <span class='ocrx_word' id='word_1_190' title='bbox 1273 2963 1301 3017; x_wconf 91' lang='lat' dir='ltr'><em>P</em></span> 
     </span>
     <span class='ocr_line' id='line_1_24' title="bbox 239 3070 1363 3187; baseline -0.001 -29"><span class='ocrx_word' id='word_1_191' title='bbox 239 3104 375 3173; x_wconf 58' lang='lat' dir='ltr'>aproniane</span> <span class='ocrx_word' id='word_1_192' title='bbox 392 3105 421 3159; x_wconf 99' lang='grc' dir='ltr'><strong><em>Β</em></strong></span> <span class='ocrx_word' id='word_1_193' title='bbox 468 3141 470 3146; x_wconf 87' lang='grc'><strong>-</strong></span> <span class='ocrx_word' id='word_1_194' title='bbox 523 3070 568 3158; x_wconf 67' lang='lat' dir='ltr'>au¹s</span> <span class='ocrx_word' id='word_1_195' title='bbox 586 3104 614 3159; x_wconf 90' lang='grc' dir='ltr'><strong><em>Β</em></strong></span> <span class='ocrx_word' id='word_1_196' title='bbox 720 3105 806 3160; x_wconf 73' lang='lat' dir='ltr'>hide</span> <span class='ocrx_word' id='word_1_197' title='bbox 828 3104 894 3160; x_wconf 89' lang='lat' dir='ltr'>PB¹</span> <span class='ocrx_word' id='word_1_198' title='bbox 1008 3105 1127 3187; x_wconf 83' lang='lat' dir='ltr'>agnosioi</span> <span class='ocrx_word' id='word_1_199' title='bbox 1150 3104 1178 3159; x_wconf 95' lang='lat' dir='ltr'><strong><em>P</em></strong></span> <span class='ocrx_word' id='word_1_200' title='bbox 1278 3102 1363 3169; x_wconf 77' lang='lat' dir='ltr'>beor]</span> 
     </span>
     <span class='ocr_line' id='line_1_25' title="bbox 239 3208 1302 3278; baseline 0 -17"><span class='ocrx_word' id='word_1_201' title='bbox 239 3208 276 3261; x_wconf 83' lang='lat' dir='ltr'>Et</span> <span class='ocrx_word' id='word_1_202' title='bbox 299 3208 380 3261; x_wconf 90' lang='lat' dir='ltr'>multi</span> <span class='ocrx_word' id='word_1_203' title='bbox 403 3209 467 3261; x_wconf 90' lang='lat' dir='ltr'>sunt</span> <span class='ocrx_word' id='word_1_204' title='bbox 489 3208 564 3278; x_wconf 83' lang='lat' dir='ltr'>aliiq3</span> <span class='ocrx_word' id='word_1_205' title='bbox 588 3212 753 3277; x_wconf 87' lang='lat' dir='ltr'>ooguoseunt</span> <span class='ocrx_word' id='word_1_206' title='bbox 774 3208 909 3278; x_wconf 87' lang='lat' dir='ltr'>sequidem</span> <span class='ocrx_word' id='word_1_207' title='bbox 936 3208 964 3262; x_wconf 92' lang='lat' dir='ltr'><strong><em>P</em></strong></span> <span class='ocrx_word' id='word_1_208' title='bbox 1065 3208 1081 3261; x_wconf 77' lang='lat'><strong>7</strong></span> <span class='ocrx_word' id='word_1_209' title='bbox 1108 3209 1248 3277; x_wconf 87' lang='lat' dir='ltr'>superatur</span> <span class='ocrx_word' id='word_1_210' title='bbox 1275 3208 1302 3261; x_wconf 98' lang='lat' dir='ltr'><strong><em>P</em></strong></span> 
     </span>
    </p>
   </div>
   <div class='ocr_carea' id='block_1_7' title="bbox 191 3302 1364 3728">
    <p class='ocr_par' dir='ltr' id='par_1_7' title="bbox 191 3302 1364 3728">
     <span class='ocr_line' id='line_1_26' title="bbox 239 3302 1305 3399; baseline -0.004 -15"><span class='ocrx_word' id='word_1_211' title='bbox 239 3329 369 3397; x_wconf 83' lang='lat' dir='ltr'>8magne</span> <span class='ocrx_word' id='word_1_212' title='bbox 387 3328 455 3385; x_wconf 79' lang='grc' dir='ltr'>ΡΗ1</span> <span class='ocrx_word' id='word_1_213' title='bbox 557 3330 701 3399; x_wconf 74' lang='lat' dir='ltr'>illonguis</span> <span class='ocrx_word' id='word_1_214' title='bbox 719 3329 756 3384; x_wconf 91' lang='lat' dir='ltr'>P¹</span> <span class='ocrx_word' id='word_1_215' title='bbox 861 3302 1048 3383; x_wconf 67' lang='lat' dir='ltr'>discernantur</span> <span class='ocrx_word' id='word_1_216' title='bbox 1067 3330 1095 3394; x_wconf 92' lang='lat' dir='ltr'>(n</span> <span class='ocrx_word' id='word_1_217' title='bbox 1113 3344 1131 3381; x_wconf 89' lang='lat' dir='ltr'>a</span> <span class='ocrx_word' id='word_1_218' title='bbox 1148 3344 1183 3381; x_wconf 87' lang='lat' dir='ltr'>m.</span> <span class='ocrx_word' id='word_1_219' title='bbox 1197 3332 1224 3394; x_wconf 82' lang='lat'>2)</span> <span class='ocrx_word' id='word_1_220' title='bbox 1244 3326 1305 3381; x_wconf 90' lang='lat' dir='ltr'>PH</span> 
     </span>
     <span class='ocr_line' id='line_1_27' title="bbox 191 3430 1301 3503; baseline -0.001 -18"><span class='ocrx_word' id='word_1_221' title='bbox 191 3450 195 3456; x_wconf 70' lang='grc'>’</span> <span class='ocrx_word' id='word_1_222' title='bbox 241 3433 274 3485; x_wconf 89' lang='grc'>10</span> <span class='ocrx_word' id='word_1_223' title='bbox 296 3431 445 3485; x_wconf 86' lang='lat' dir='ltr'>famulatus</span> <span class='ocrx_word' id='word_1_224' title='bbox 466 3432 508 3486; x_wconf 87' lang='lat' dir='ltr'>est</span> <span class='ocrx_word' id='word_1_225' title='bbox 531 3432 562 3485; x_wconf 87' lang='lat' dir='ltr'><strong><em>H</em></strong></span> <span class='ocrx_word' id='word_1_226' title='bbox 666 3435 697 3489; x_wconf 96' lang='lat' dir='ltr'>ll</span> <span class='ocrx_word' id='word_1_227' title='bbox 721 3433 793 3503; x_wconf 88' lang='lat' dir='ltr'>quod</span> <span class='ocrx_word' id='word_1_228' title='bbox 817 3434 846 3500; x_wconf 94' lang='lat' dir='ltr'>(d</span> <span class='ocrx_word' id='word_1_229' title='bbox 863 3436 935 3503; x_wconf 74' lang='lat' dir='ltr'>exp.)</span> <span class='ocrx_word' id='word_1_230' title='bbox 959 3433 1001 3500; x_wconf 84' lang='lat' dir='ltr'>R,</span> <span class='ocrx_word' id='word_1_231' title='bbox 1029 3448 1094 3501; x_wconf 72' lang='lat' dir='ltr'>quos</span> <span class='ocrx_word' id='word_1_232' title='bbox 1117 3430 1144 3498; x_wconf 91' lang='lat' dir='ltr'>(d</span> <span class='ocrx_word' id='word_1_233' title='bbox 1163 3432 1246 3500; x_wconf 79' lang='lat' dir='ltr'>eras.)</span> <span class='ocrx_word' id='word_1_234' title='bbox 1270 3431 1301 3484; x_wconf 87' lang='lat' dir='ltr'><strong><em>H</em></strong></span> 
     </span>
     <span class='ocr_line' id='line_1_28' title="bbox 239 3533 1364 3622; baseline -0.004 -31"><span class='ocrx_word' id='word_1_235' title='bbox 239 3540 377 3591; x_wconf 83' lang='lat' dir='ltr'>teneamus</span> <span class='ocrx_word' id='word_1_236' title='bbox 395 3538 533 3622; x_wconf 75' lang='lat' dir='ltr'>teneamus</span> <span class='ocrx_word' id='word_1_237' title='bbox 557 3536 592 3590; x_wconf 89' lang='grc' dir='ltr'><strong>Η</strong></span> <span class='ocrx_word' id='word_1_238' title='bbox 679 3541 684 3563; x_wconf 86' lang='grc'><em>·</em></span> <span class='ocrx_word' id='word_1_239' title='bbox 724 3539 841 3607; x_wconf 68' lang='lat' dir='ltr'>ignariss</span> <span class='ocrx_word' id='word_1_240' title='bbox 867 3538 903 3603; x_wconf 92' lang='lat' dir='ltr'>P,</span> <span class='ocrx_word' id='word_1_241' title='bbox 938 3536 1073 3607; x_wconf 72' lang='lat' dir='ltr'>ignaleeri</span> <span class='ocrx_word' id='word_1_242' title='bbox 1101 3535 1129 3592; x_wconf 84' lang='lat' dir='ltr'><em>R</em></span> <span class='ocrx_word' id='word_1_243' title='bbox 1257 3534 1290 3589; x_wconf 80' lang='lat'>12</span> <span class='ocrx_word' id='word_1_244' title='bbox 1316 3533 1364 3602; x_wconf 87' lang='lat' dir='ltr'>uel]</span> 
     </span>
     <span class='ocr_line' id='line_1_29' title="bbox 239 3654 1302 3728; baseline -0.002 -17"><span class='ocrx_word' id='word_1_245' title='bbox 239 3674 287 3712; x_wconf 85' lang='lat' dir='ltr'>neo</span> <span class='ocrx_word' id='word_1_246' title='bbox 311 3658 361 3713; x_wconf 83' lang='lat' dir='ltr'>Ba</span> <span class='ocrx_word' id='word_1_247' title='bbox 471 3656 572 3711; x_wconf 86' lang='lat' dir='ltr'>abrahe</span> <span class='ocrx_word' id='word_1_248' title='bbox 597 3658 626 3712; x_wconf 94' lang='lat' dir='ltr'><strong><em>P</em></strong></span> <span class='ocrx_word' id='word_1_249' title='bbox 739 3656 890 3728; x_wconf 82' lang='lat' dir='ltr'>patriarche</span> <span class='ocrx_word' id='word_1_250' title='bbox 914 3658 941 3711; x_wconf 91' lang='lat' dir='ltr'><strong><em>P</em></strong></span> <span class='ocrx_word' id='word_1_251' title='bbox 1063 3657 1096 3711; x_wconf 83' lang='lat'>13</span> <span class='ocrx_word' id='word_1_252' title='bbox 1123 3655 1212 3710; x_wconf 89' lang='lat' dir='ltr'>leuam</span> <span class='ocrx_word' id='word_1_253' title='bbox 1236 3654 1302 3711; x_wconf 77' lang='lat' dir='ltr'>libri</span> 
     </span>
    </p>
   </div>
   <div class='ocr_carea' id='block_1_8' title="bbox 121 3750 1365 3845">
    <p class='ocr_par' dir='ltr' id='par_1_8' title="bbox 121 3750 1365 3845">
     <span class='ocr_line' id='line_1_30' title="bbox 121 3750 1365 3845; baseline -0.004 -10"><span class='ocrx_word' id='word_1_254' title='bbox 121 3808 125 3817; x_wconf 45' lang='grc' dir='ltr'>ι</span> <span class='ocrx_word' id='word_1_255' title='bbox 171 3824 175 3830; x_wconf 90' lang='grc'>.</span> <span class='ocrx_word' id='word_1_256' title='bbox 240 3778 578 3845; x_wconf 62' lang='lat' dir='ltr'>lesmorensem.)</span> <span class='ocrx_word' id='word_1_257' title='bbox 596 3780 634 3845; x_wconf 82' lang='lat' dir='ltr'>rr,</span> <span class='ocrx_word' id='word_1_258' title='bbox 661 3780 694 3834; x_wconf 76' lang='lat' dir='ltr'>ae</span> <span class='ocrx_word' id='word_1_259' title='bbox 713 3780 832 3835; x_wconf 75' lang='lat' dir='ltr'>ueemm</span> <span class='ocrx_word' id='word_1_260' title='bbox 849 3780 906 3835; x_wconf 82' lang='lat' dir='ltr'>eor.</span> <span class='ocrx_word' id='word_1_261' title='bbox 1001 3750 1145 3833; x_wconf 68' lang='lat' dir='ltr'>restruite</span> <span class='ocrx_word' id='word_1_262' title='bbox 1163 3777 1191 3831; x_wconf 79' lang='lat' dir='ltr'>n</span> <span class='ocrx_word' id='word_1_263' title='bbox 1276 3776 1365 3831; x_wconf 70' lang='lat' dir='ltr'>mens</span> 
     </span>
    </p>
   </div>
   <div class='ocr_carea' id='block_1_9' title="bbox 239 3871 1365 4279">
    <p class='ocr_par' dir='ltr' id='par_1_9' title="bbox 239 3871 1365 4279">
     <span class='ocr_line' id='line_1_31' title="bbox 239 3871 1365 3966; baseline -0.002 -13"><span class='ocrx_word' id='word_1_264' title='bbox 239 3898 358 3966; x_wconf 66' lang='lat' dir='ltr'>(laea)</span> <span class='ocrx_word' id='word_1_265' title='bbox 381 3898 409 3952; x_wconf 92' lang='grc' dir='ltr'><strong><em>Β</em></strong></span> <span class='ocrx_word' id='word_1_266' title='bbox 447 3934 450 3940; x_wconf 82' lang='lat'>·</span> <span class='ocrx_word' id='word_1_267' title='bbox 483 3898 673 3954; x_wconf 79' lang='lat' dir='ltr'>immensum</span> <span class='ocrx_word' id='word_1_268' title='bbox 696 3900 724 3955; x_wconf 89' lang='grc' dir='ltr'><strong><em>Β</em></strong></span> <span class='ocrx_word' id='word_1_269' title='bbox 828 3902 860 3956; x_wconf 87' lang='grc'>16</span> <span class='ocrx_word' id='word_1_270' title='bbox 883 3902 915 3954; x_wconf 87' lang='lat' dir='ltr'>ut</span> <span class='ocrx_word' id='word_1_271' title='bbox 931 3916 952 3955; x_wconf 84' lang='lat' dir='ltr'>s.</span> <span class='ocrx_word' id='word_1_272' title='bbox 971 3900 988 3954; x_wconf 80' lang='lat' dir='ltr'>t.</span> <span class='ocrx_word' id='word_1_273' title='bbox 1013 3901 1051 3954; x_wconf 67' lang='lat' dir='ltr'>P&#39;</span> <span class='ocrx_word' id='word_1_274' title='bbox 1155 3871 1182 3952; x_wconf 69' lang='lat' dir='ltr'>et</span> <span class='ocrx_word' id='word_1_275' title='bbox 1203 3902 1232 3965; x_wconf 90' lang='grc' dir='ltr'>(ιι</span> <span class='ocrx_word' id='word_1_276' title='bbox 1250 3916 1270 3953; x_wconf 83' lang='lat' dir='ltr'>a</span> <span class='ocrx_word' id='word_1_277' title='bbox 1285 3914 1319 3952; x_wconf 87' lang='lat' dir='ltr'>m.</span> <span class='ocrx_word' id='word_1_278' title='bbox 1337 3898 1365 3963; x_wconf 80' lang='lat'>2)</span> 
     </span>
     <span class='ocr_line' id='line_1_32' title="bbox 240 4000 1364 4073; baseline 0 -18"><span class='ocrx_word' id='word_1_279' title='bbox 240 4001 268 4055; x_wconf 92' lang='lat' dir='ltr'><strong><em>P</em></strong></span> <span class='ocrx_word' id='word_1_280' title='bbox 365 4002 395 4054; x_wconf 79' lang='lat' dir='ltr'>l‘l</span> <span class='ocrx_word' id='word_1_281' title='bbox 413 4003 518 4056; x_wconf 58' lang='lat' dir='ltr'>totenes</span> <span class='ocrx_word' id='word_1_282' title='bbox 536 4002 564 4055; x_wconf 94' lang='grc' dir='ltr'><strong><em>Β</em></strong></span> <span class='ocrx_word' id='word_1_283' title='bbox 660 4003 838 4073; x_wconf 83' lang='lat' dir='ltr'>181ipiHB</span> <span class='ocrx_word' id='word_1_284' title='bbox 928 4004 1088 4058; x_wconf 72' lang='lat' dir='ltr'>suauissima</span> <span class='ocrx_word' id='word_1_285' title='bbox 1106 4003 1133 4056; x_wconf 90' lang='lat' dir='ltr'><em>B</em></span> <span class='ocrx_word' id='word_1_286' title='bbox 1225 4000 1364 4057; x_wconf 84' lang='lat' dir='ltr'>Christi-</span> 
     </span>
     <span class='ocr_line' id='line_1_33' title="bbox 240 4106 1364 4176; baseline 0 -17"><span class='ocrx_word' id='word_1_287' title='bbox 240 4106 397 4175; x_wconf 87' lang='lat' dir='ltr'>gratissima</span> <span class='ocrx_word' id='word_1_288' title='bbox 414 4121 464 4161; x_wconf 78' lang='lat' dir='ltr'>orn.</span> <span class='ocrx_word' id='word_1_289' title='bbox 481 4107 510 4160; x_wconf 88' lang='lat' dir='ltr'><em>B</em></span> <span class='ocrx_word' id='word_1_290' title='bbox 607 4106 868 4161; x_wconf 76' lang='lat' dir='ltr'>1aam0enieare1³</span> <span class='ocrx_word' id='word_1_291' title='bbox 959 4106 1142 4176; x_wconf 82' lang='lat' dir='ltr'>gratissimam</span> <span class='ocrx_word' id='word_1_292' title='bbox 1160 4106 1189 4160; x_wconf 94' lang='lat' dir='ltr'><strong><em>P</em></strong></span> <span class='ocrx_word' id='word_1_293' title='bbox 1281 4122 1364 4160; x_wconf 84' lang='lat' dir='ltr'>carere</span> 
     </span>
     <span class='ocr_line' id='line_1_34' title="bbox 240 4208 1365 4279; baseline 0 -16"><span class='ocrx_word' id='word_1_294' title='bbox 240 4208 267 4263; x_wconf 93' lang='lat' dir='ltr'><strong><em>P</em></strong></span> <span class='ocrx_word' id='word_1_295' title='bbox 353 4223 484 4268; x_wconf 75' lang='lat' dir='ltr'>murem</span> <span class='ocrx_word' id='word_1_296' title='bbox 501 4225 585 4265; x_wconf 72' lang='lat' dir='ltr'>erasa</span> <span class='ocrx_word' id='word_1_297' title='bbox 599 4226 643 4264; x_wconf 89' lang='lat'>·11·</span> <span class='ocrx_word' id='word_1_298' title='bbox 657 4226 807 4266; x_wconf 72' lang='lat' dir='ltr'>numerarer</span> <span class='ocrx_word' id='word_1_299' title='bbox 825 4226 966 4265; x_wconf 81' lang='lat' dir='ltr'>oenrrvun</span> <span class='ocrx_word' id='word_1_300' title='bbox 983 4224 1185 4265; x_wconf 76' lang='lat' dir='ltr'>mnnrrunum.</span> <span class='ocrx_word' id='word_1_301' title='bbox 1204 4212 1365 4279; x_wconf 78' lang='lat' dir='ltr'>(seponatur</span> 
     </span>
    </p>
   </div>
   <div class='ocr_carea' id='block_1_10' title="bbox 0 0 1576 5029">
    <p class='ocr_par' dir='ltr' id='par_1_10' title="bbox 0 0 1576 5029">
     <span class='ocr_line' id='line_1_35' title="bbox 0 0 1576 5029; baseline 0 0"><span class='ocrx_word' id='word_1_302' title='bbox 0 0 1576 5029; x_wconf 95' lang='lat' dir='ltr'> </span> 
     </span>
    </p>
   </div>
  </div>
 </body>
</html>
