3142 5034
214 317 216 334 ι
680 318 685 344 r

5 438 78 501 s„
133 373 138 379 d
255 400 319 467 206
752 396 889 453 Sednlii

254 594 379 659 Maria
407 594 534 657 matre
557 590 642 655 eius
666 592 703 653 et
724 590 982 671 procidentes
1005 591 1277 656 adorauerunt
1299 610 1384 657 eum

254 699 294 763 et
322 696 474 779 apertis
508 691 715 758 thesauris
748 692 830 758 suis
865 695 1104 760 obtulerunt
1136 694 1172 757 ei
1206 713 1383 761 munera:

253 818 389 867 aurum
419 800 483 862 tus
510 800 548 862 et
571 814 748 880 myrram.
786 795 863 879 quid
887 798 1025 877 setheo,
1050 805 1086 862 ut
1110 797 1309 881 praecederet
1332 816 1383 863 eos

253 903 348 968 stella
370 920 465 984 quam
488 900 640 982 uiderant,
664 900 725 964 nisi
746 904 783 965 ut
806 903 954 967 ducatum
977 902 1067 984 pomi
1088 901 1200 967 sideris
1222 902 1382 966 intuentes

253 1005 416 1069 materiem
445 1003 531 1087 pleni
560 1001 690 1067 luminis
719 1002 923 1068 inuenirent?
944 1004 1156 1069 adoranemnt
1179 1009 1286 1071 autem
1309 1004 1415 1087 quiae

252 1127 325 1171 uere
354 1108 503 1172 uenerant
532 1109 670 1183 adorare,
695 1107 777 1187 quod
799 1107 937 1171 Herodes
959 1124 993 1169 se
1016 1107 1201 1173 mentiendo
1224 1110 1381 1173 facturum

253 1230 314 1277 non
336 1211 451 1275 meruit
473 1210 625 1275 obtinere.
663 1210 725 1275 nisi
748 1210 833 1273 enirn
856 1211 938 1274 ueris
962 1209 1179 1275 adoratoribus
1203 1212 1303 1275 Deum
1320 1229 1380 1277 non

252 1315 430 1380 conceditur
452 1315 590 1392 adorare,
614 1315 695 1378 sicut
716 1316 783 1395 ipse
805 1313 958 1377 Dominus
973 1316 1079 1379 noster
1095 1313 1135 1378 ad
1150 1311 1380 1379 Samaritanam

251 1418 415 1483 mulierem
436 1418 559 1482 locutus
575 1418 622 1480 est
637 1415 761 1481 dicens:
785 1433 852 1479 uos
875 1416 1053 1481 adoratis
1075 1416 1175 1500 qnod
1197 1418 1379 1499 nescitis;

252 1540 318 1587 nos
348 1521 557 1586 adoramus
586 1520 684 1601 quod
713 1521 874 1599 scimus,
905 1522 996 1602 quia
1026 1521 1135 1584 salus
1159 1538 1201 1583 er
1223 1519 1413 1585 Iudaeisro

252 1629 318 1690 est.
350 1625 416 1688 sed
439 1625 551 1688 uenit
573 1624 668 1687 hora
685 1626 723 1688 et
745 1640 845 1687 nuno
863 1625 937 1703 est,
961 1623 1115 1705 quando
1138 1621 1224 1687 ueri
1248 1625 1378 1689 adora-

251 1733 356 1793 tores
392 1725 613 1792 adorabunt
648 1726 808 1791 Patrem
844 1726 884 1789 in
921 1726 1077 1807 spiritu
1114 1730 1152 1792 et
1189 1727 1376 1791 ueritate.

251 1849 336 1896 narn
366 1832 405 1895 et
430 1830 546 1895 Pater
568 1831 672 1895 tales
695 1828 871 1911 quaerit,
895 1829 961 1911 qui
983 1831 1149 1895 adorent
1173 1848 1270 1894 oum.
1306 1829 1378 1893 licet

251 1952 323 2017 ergo
346 1932 529 1997 Dominioae
550 1934 646 1997 uerba
668 1932 828 1997 doctrinae
850 1931 1020 1997 manifesta
1037 1934 1103 1997 sint
1118 1936 1150 1997 et
1166 1937 1282 2015 aperta,
1300 1930 1378 2013 quod

251 2039 353 2103 Deum
382 2038 441 2102 nisi
468 2036 586 2101 ueritas
612 2054 672 2100 non
695 2035 812 2112 adoret,
836 2034 983 2100 debemus
1006 2037 1115 2100 tamen
1138 2037 1203 2100 uim
1226 2035 1376 2099 sermonis
1386 2066 1410 2105 rr

250 2140 432 2223 diligentius
462 2139 662 2222 perscrutari,
694 2137 770 2219 quid
801 2138 844 2203 sit
872 2138 983 2203 uenit
1006 2138 1100 2204 hora
1122 2142 1161 2204 et
1182 2158 1283 2203 nuno
1305 2146 1377 2221 est,

250 2243 402 2326 quando
431 2242 520 2306 uari
548 2244 779 2307 adoratores
810 2240 1035 2307 adorabunt
1057 2242 1217 2308 Patrem
1239 2242 1278 2305 in
1301 2242 1375 2324 spi-

249 2346 332 2411 ritu
355 2350 392 2410 et
413 2344 601 2410 ueritate.
640 2343 773 2409 arbitror
795 2345 901 2427 itaque
924 2345 1012 2411 iuxta
1034 2365 1169 2428 sensum,
1184 2364 1276 2428 quern
1292 2363 1375 2409 meae

249 2449 402 2515 Dominus
425 2447 576 2532 parcitati
598 2448 738 2531 largitur,
762 2448 845 2529 quod
860 2467 914 2530 per
929 2448 1190 2532 significationem
1205 2447 1374 2531 praesentis

249 2552 408 2634 temporis,
443 2570 504 2634 quo
536 2571 569 2615 se
601 2552 709 2633 palam
741 2552 857 2616 mundo
890 2552 1092 2633 monstrauit,
1124 2552 1159 2617 in
1190 2570 1222 2615 se
1248 2551 1410 2619 Patremeo

250 2654 364 2719 dixerit
400 2655 534 2721 adorari.
583 2656 628 2719 sio
664 2654 750 2719 enim
786 2654 989 2736 sequentibus
1035 2654 1185 2737 patefecit
1232 2653 1375 2736 alloquiis

249 2757 369 2823 dicens:
393 2756 585 2824 iudicium
608 2776 716 2823 omne
734 2758 846 2824 dedit
867 2757 991 2842 nitio,
1014 2762 1057 2823 ut
1075 2777 1205 2824 omnes
1224 2758 1375 2823 honori·

249 2863 376 2929 ficent
398 2862 562 2943 Filium,
585 2852 692 2927 siout
713 2862 987 2928 honorificant
1010 2861 1175 2927 Patrem.
1213 2860 1376 2945 magnifice

247 2984 321 3032 uero
336 2970 503 3049 postquam
518 2965 597 3030 dixit
612 2966 651 3030 in
666 2966 829 3047 spiritu,
845 2966 960 3031 adiecit
976 2970 1014 3030 et
1033 2967 1214 3043 ueritate,
1230 2963 1376 3046 quoniam

248 3070 395 3153 spiritum
417 3068 477 3134 Dei
497 3072 640 3149 gerentes
663 3069 782 3171 upritas
805 3069 956 3152 sequitur,
979 3068 1119 3134 alienum
1141 3067 1266 3133 fallacia
1281 3066 1410 3133 comi-2⁵

350 3274 381 3326 11
401 3272 459 3327 Ioh.
477 3273 503 3336 4,
520 3271 585 3327 22⁸,
688 3271 722 3325 22
739 3271 773 3326 of.
792 3271 850 3327 Ioh.
868 3273 894 3339 5,
912 3272 945 3325 22
955 3288 976 3326 s.

299 3458 567 3527 2optulernnt1i²H
653 3459 800 3528 empnam
813 3458 903 3514 PRH
986 3442 1309 3515 4ni¹¹utPcorr.m.2

247 3554 339 3623 pernis
356 3553 384 3607 P
482 3552 678 3608 emetheriam
696 3554 728 3608 Η
832 3553 1114 3625 unod-optinere]
1131 3555 1163 3609 ia
1179 3569 1264 3625 many.
1282 3556 1376 3609 ooa2

246 3675 282 3728 rr
353 3674 592 3731 reomaense
656 3647 981 3731 effeminatam
1067 3677 1097 3730 11
1113 3676 1199 3729 oran
1283 3674 1375 3729 reso-

246 3768 380 3823 horabunt
397 3769 429 3824 H
522 3770 554 3825 13
565 3770 653 3840 querit
663 3770 856 3826 adoratoresP
944 3772 975 3825 15
994 3772 1172 3826 Dominumc
1258 3786 1375 3825 sermone

247 3890 293 3945 H¹
311 3907 380 3946 corr.
399 3907 433 3947 m.
452 3894 472 3945 2
575 3891 608 3945 16
631 3857 797 3961 perscruta&
820 3893 849 3947 P
867 3908 937 3949 corr.
956 3895 1029 3947 m.2
1130 3893 1178 3962 qui
1195 3893 1233 3947 sit
1254 3892 1307 3947 Hc

247 3996 281 4049 18
298 4010 341 4047 me
358 3994 393 4048 H
476 3993 509 4048 19
527 3993 629 4048 deuse
715 3994 750 4049 20
766 3996 911 4049 mostrauit
927 3996 961 4049 H
1044 3996 1076 4050 21
1101 3984 1146 4050 cni
1167 3994 1195 4051 R
1214 3995 1261 4065 (cf.
1280 3996 1375 4051 Ziata

246 4080 280 4136 de
305 4080 453 4151 Fretpeatio
479 4080 676 4150 myrtoprupto
702 4079 917 4149 disputationem
939 4097 971 4151 p.
989 4083 1035 4150 48)
1138 4082 1248 4137 adorare
1274 4082 1310 4137 H

246 4166 373 4236 alloquiis
399 4165 489 4222 PBH
593 4165 628 4219 22
655 4169 686 4220 ut
713 4183 803 4221 omnes
828 4166 1003 4223 honorificent
1029 4166 1138 4221 Patrem
1164 4168 1199 4222 H
1304 4170 1374 4223 siout

246 4251 437 4307 honorificamt
458 4250 568 4307 Patrem
590 4252 646 4307 coz.
670 4252 739 4308 Por.
860 4252 893 4307 25
916 4254 945 4306 in
968 4253 1067 4321 spiritu
1089 4253 1125 4306 H
1241 4255 1374 4324 seqnitur]

247 4353 315 4393 rere
332 4356 345 4392 e
361 4339 390 4392 P
489 4338 621 4393 alienum
639 4338 660 4408 (l
678 4345 757 4406 erae.)
775 4340 811 4393 H
910 4338 1018 4393 fallatia
1035 4339 1070 4394 Η
