3142 5034
540 437 693 492 raserat
711 436 834 507 Operis
856 436 926 494 urs
944 436 976 493 V.
1256 428 1320 507 29¹1

191 629 302 706 lintea,
326 627 414 693 ouius
443 626 586 692 adiacent
611 624 797 704 uelamenta,
825 624 908 689 eirea
930 625 1018 690 ouius
1040 625 1156 691 residet
1178 626 1321 710 angelica

192 732 295 796 uirtus
318 730 467 821 exuuias?
489 748 529 793 an
551 729 677 794 beatum
706 746 817 811 eorpus
840 726 904 806 ills,
928 727 981 811 qui
1003 730 1117 812 rapuit,
1133 728 1218 812 prius
1233 732 1320 797 eruit

189 839 224 900 et
248 834 391 910 nudauit,
422 832 549 897 celerius
571 832 742 898 arbitratus
770 833 926 897 detectum
949 850 1038 915 posse
1065 832 1197 898 subduei
1225 852 1320 917 quam

192 938 338 1021 ligatum,
358 938 437 1001 siout
457 936 615 1015 manebat,
638 935 763 1014 auferri,
786 953 859 1001 eum
881 936 922 1000 sib
944 954 1031 1002 mora
1052 935 1143 1002 furtis
1156 938 1320 1019 rapacibus

166 1040 322 1106 sinimiea
343 1040 541 1122 potueritque
554 1041 675 1104 sautius
691 1042 722 1104 et
737 1039 870 1103 latenter
892 1058 964 1104 enm
979 1040 1042 1104 suis
1057 1058 1177 1123 quoque
1194 1038 1320 1106 Domini

195 1142 384 1208 uelamentis
411 1141 537 1208 auferri.
570 1144 738 1207 mentita
771 1143 834 1207 est
866 1142 1067 1224 iniquitas
1097 1142 1184 1209 eibi.
1222 1142 1321 1209 hebet

191 1247 299 1311 tamen
321 1245 385 1311 ista
406 1264 455 1311 res
477 1244 613 1328 gratiam
636 1245 762 1329 figurati
784 1262 894 1311 sensns
911 1245 1076 1329 egregiam.
1114 1246 1238 1312 Iudaeis
1254 1248 1320 1313 ste·

191 1349 258 1415 uim
292 1349 452 1416 Christum
487 1349 671 1432 spiritaliter
700 1350 826 1413 constat
859 1348 1009 1428 ablatum,
1044 1368 1135 1431 quom
1167 1366 1222 1414 nos
1252 1350 1320 1415 tota

191 1454 310 1518 mentis
341 1455 373 1518 et
401 1454 536 1535 peotoris
559 1452 725 1517 deuotione
746 1451 913 1534 portemus.
951 1454 1075 1535 plango,
1099 1452 1224 1530 Iudaea,
1247 1456 1319 1517 tuos
1434 1530 1437 1539 Ι

85 1586 88 1591 -
154 1555 301 1638 miteque
323 1560 506 1633 sacerdotes,
529 1556 644 1637 plange
667 1554 827 1619 ministros
850 1557 881 1617 et
903 1555 1061 1637 populum,
1085 1574 1162 1637 quae
1176 1572 1232 1638 pro
1247 1556 1319 1621 ian·

191 1660 235 1724 tis
258 1660 380 1725 deserta
401 1660 529 1743 flagitiis
551 1678 613 1724 non
635 1660 699 1723 iam
720 1659 797 1723 tuba
818 1658 978 1741 gaudebis,
1006 1677 1067 1723 non
1093 1660 1189 1724 unctu
1214 1656 1319 1723 firma-

192 1762 286 1838 beris,
316 1782 378 1827 non
411 1762 569 1827 sacrifieiis
602 1762 778 1845 perfrueris.
818 1762 906 1826 ouius
934 1780 988 1845 spe
1021 1779 1156 1844 namque
1188 1762 1319 1827 uirtutis

192 1865 253 1930 tibi
280 1865 358 1931 tuba
384 1865 577 1948 perflabitur,
607 1883 678 1930 oum
708 1884 815 1947 regem
845 1866 954 1929 uideas
974 1863 1222 1947 interemptum?
1248 1864 1320 1946 quis

193 1969 308 2033 unetos
330 1969 414 2034 ultra
434 1970 500 2033 iam
523 1968 658 2044 dabitur,
681 1986 754 2033 oum
783 1966 882 2051 ipsius
904 1969 1018 2033 unetos
1037 1966 1178 2033 amiseris
1200 1966 1320 2051 prinoi-

155 2074 328 2155 aspatnm?
350 2090 428 2155 quae
451 2072 581 2137 uictima
602 2071 742 2149 ferietur,
764 2090 835 2136 oum
859 2072 992 2137 uiotima
1014 2072 1111 2136 fuerit
1133 2076 1239 2153 pastor
1253 2071 1320 2152 ipae

194 2176 376 2239 maotatus?
413 2174 553 2239 discedat
588 2190 745 2257 synagoga
780 2173 903 2257 proprio
940 2174 1004 2239 iam
1043 2172 1144 2239 eolore
1180 2173 1319 2237 fossata:

194 2275 339 2343 Christus
359 2276 421 2343 sibi
443 2276 605 2359 pulchram
627 2276 718 2341 niueo
747 2277 855 2342 deoore
881 2277 1011 2343 sooiauit
1034 2276 1205 2342 eeclesiam.
1243 2276 1371 2343 hauet!

194 2381 342 2445 honorem
374 2380 494 2445 Mariae
526 2380 703 2461 praesentat
735 2385 768 2443 et
803 2379 946 2463 gloriam,
980 2399 1068 2462 quae,
1091 2378 1217 2445 Domini
1247 2398 1319 2444 oum

195 2482 339 2548 olaritate
360 2483 524 2564 perspioue
545 2500 666 2565 semper
688 2482 789 2546 mater
812 2501 876 2547 esse
899 2486 1050 2562 comatur,
1076 2500 1200 2567 semper
1215 2486 1320 2549 tamen

153 2586 283 2667 aonirgo
311 2586 509 2669 conspicitur.
548 2586 621 2649 hoio
648 2604 715 2650 sese
743 2585 893 2649 Dominus
927 2586 998 2649 ilioo
1026 2588 1097 2668 post
1126 2584 1322 2667 triumphum

295 2824 311 2878 a
329 2823 401 2878 usar.
419 2822 462 2891 oo,
482 2824 515 2877 12

244 3047 261 3099 2
284 3046 319 3099 ad
336 3044 459 3099 exoubias
484 3044 529 3112 (ad
546 3059 567 3099 s.
586 3044 604 3098 l.
622 3060 657 3098 m.
675 3046 704 3112 2)
727 3044 769 3111 Β,
790 3038 906 3099 'exuuias
924 3060 958 3099 ee
975 3044 1098 3099 excubias
1121 3044 1165 3111 H,
1196 3043 1321 3097 exousias

188 3132 240 3197 (uu
265 3147 300 3184 m.
327 3130 363 3184 oi.
388 3131 421 3183 ab
446 3135 513 3194 roe.)
539 3129 567 3183 Β
671 3130 755 3183 exirit
781 3130 850 3199 PB,
884 3132 970 3185 enauit
996 3131 1031 3185 H
1129 3131 1146 3185 3
1172 3129 1321 3183 aruitratns

193 3216 222 3269 P
322 3216 340 3269 4
362 3204 471 3285 auferri]
494 3216 620 3285 sequitur
636 3231 738 3271 rossem
755 3214 874 3271 deorum
891 3232 1025 3282 oetaeum,
1042 3216 1149 3272 ineerta
1165 3216 1321 3270 litterarum

187 3302 310 3371 uestigio
326 3302 417 3357 adbuc
434 3306 543 3356 exstom
560 3300 596 3355 H
688 3301 815 3356 manebat
833 3302 932 3357 auferri
949 3304 1097 3357 mentitae
1199 3298 1336 3355 5esutiss

191 3421 222 3475 Ρ
305 3420 387 3489 susq,
404 3420 433 3474 P
518 3385 730 3489 annositas
817 3420 832 3473 u
842 3420 1107 3489 pessundarunt
1120 3420 1148 3475 Β
1233 3420 1321 3489 epos-

192 3524 268 3593 toris]
288 3525 402 3592 eorporis
420 3522 448 3577 P
533 3524 638 3591 portam
655 3524 690 3588 P,
717 3524 1040 3591 pertimescerem
1126 3524 1157 3578 11
1177 3524 1319 3593 gaudebis]

188 3609 333 3677 elangebas
344 3624 398 3662 non
408 3610 502 3663 innota
513 3608 661 3663 firmaberis
674 3609 703 3663 P
718 3642 722 3658 ι
796 3610 877 3663 uncto
895 3608 974 3663 HBo
1065 3615 1130 3665 arete
1146 3610 1212 3664 tuba
1230 3626 1285 3665 ros.
1302 3614 1319 3663 1

188 3696 243 3750 tto.
269 3695 310 3761 Β,
342 3701 406 3763 post
427 3694 507 3760 tuba,
531 3694 585 3749 tibi
606 3710 628 3750 s.
646 3695 665 3749 i.
689 3694 717 3748 Β
822 3694 855 3749 12
881 3696 1003 3765 namque]
1031 3711 1195 3765 poenamque
1221 3696 1253 3749 H

193 3797 228 3851 13
249 3798 412 3865 intomptum
434 3796 463 3851 P
569 3796 603 3851 14
625 3799 725 3851 unctus
747 3797 802 3851 iam
825 3798 940 3853 ultrao
1046 3798 1138 3853 unctis
1159 3798 1200 3863 Β,
1230 3800 1319 3853 unotis

192 3901 275 3967 Par„
304 3900 382 3955 unco
401 3900 474 3955 sor.
487 3900 570 3954 Areo.
659 3900 827 3969 principaris
842 3902 865 3969 (s
878 3904 958 3970 oea.)
978 3901 1006 3956 P
1097 3887 1191 3969 1st
1209 3900 1253 3954 ru

100 4069 103 4072 Δ
195 4005 227 4059 16
250 4004 381 4073 sinagoga
403 4003 467 4058 tetri
569 4003 602 4057 17
626 4002 748 4058 eclesiam
772 4004 801 4058 P
899 4018 970 4059 nnus
993 4018 1061 4058 sonu
1082 4016 1194 4058 naumis
1212 4016 1320 4059 mannus

191 4108 235 4175 Β,
264 4124 315 4163 om.
333 4106 368 4161 H
468 4106 502 4159 18
518 4106 616 4161 honere
633 4106 662 4159 P
761 4106 877 4161 Mariae*
896 4110 918 4175 (s
937 4108 1018 4175 eros.)
1041 4106 1076 4161 H
1174 4108 1320 4173 presentat

190 4195 327 4262 (oneras.)
346 4192 382 4247 H
470 4194 591 4259 praestat
608 4192 642 4245 ad
659 4191 772 4261 gloriam
789 4190 839 4247 Bo
936 4192 1056 4261 Domini]
1076 4207 1126 4247 om.
1145 4191 1253 4246 PHBo

194 4281 227 4335 19
245 4280 412 4347 conopionem
430 4277 463 4343 P,
493 4279 636 4347 prospicua
658 4279 711 4333 Ho
808 4295 937 4349 eesemper
954 4277 1016 4344 (eti
1034 4280 1116 4345 eras.)
1138 4278 1173 4332 H
1266 4294 1321 4333 oer-

192 4368 267 4420 nitnr
289 4364 325 4419 H
422 4363 458 4417 20
475 4364 540 4433 sese]
558 4380 609 4419 oen.
626 4362 655 4418 Β
757 4362 840 4419 hilieo
858 4364 887 4419 P
985 4362 1199 4433 postriumphum
1221 4364 1257 4418 Η
