3142 5034
298 446 362 511 322
771 440 955 510 Appendir.

298 639 351 698 sed
372 636 407 697 de
429 637 455 695 ll
477 634 641 710 praeceptis
662 632 748 708 legis.
788 636 830 693 dl·
858 636 981 695 chordas
1003 636 1086 694 uocat
1108 634 1192 694 uetus
1214 634 1429 703 testamentum,

299 742 330 801 in
352 756 407 816 quo
429 740 454 798 ll
476 741 632 813 praecepta
646 736 720 811 legis
736 738 930 799 continentur.
954 738 1131 798 Psalterium
1146 739 1191 797 est
1206 736 1430 797 instrumentum

298 843 438 905 musicum
460 842 612 903 habensll
634 840 755 902 chordas
776 844 808 901 et
829 841 989 916 percutitur
1004 841 1041 901 ab
1062 834 1248 901 interioribus
1263 841 1292 899 et
1307 840 1432 899 resultat

299 948 336 1008 ab
357 946 555 1008 inferioribus.
589 946 646 1005 Per
670 941 755 1005 ‘odas’
771 946 799 1003 X
813 944 983 1005 chordarum
1007 943 1177 1021 psalterium
1200 943 1263 1002 uult
1285 943 1430 1017 intellegi,

177 1077 196 1107 v.
211 1047 350 1109 ar-so‘dl·
372 1045 503 1110 chordae'
527 1051 569 1108 .x.
597 1049 674 1125 legis
702 1050 864 1125 praecepta.
909 1049 1070 1110 Arcibus
1100 1048 1127 1108 ·i·
1156 1047 1189 1109 in
1221 1045 1463 1109 mansionibuss

297 1153 358 1212 Aru
386 1154 493 1213 dicitur
522 1153 610 1213 altius
641 1152 802 1213 aedificium
830 1152 860 1211 in
891 1152 1019 1223 ciuitate,
1046 1152 1153 1213 dictum
1176 1152 1212 1212 ab
1238 1144 1377 1210 ‘arcendo’
1403 1150 1431 1207 ·i·

297 1256 474 1330 repellendo,
497 1272 530 1316 eo
553 1257 627 1330 quod
649 1257 734 1330 longe
756 1254 879 1330 repellat
908 1273 926 1314 a
956 1272 988 1315 se
1009 1255 1132 1330 hostem,
1161 1254 1230 1327 quia
1251 1252 1429 1327 etymologia

298 1358 385 1417 etiam
418 1357 534 1420 dicitnr.
579 1358 771 1432 sceptrum
802 1358 829 1416 ·i·
860 1356 1022 1432 imperium.
1059 1356 1115 1416 Est
1149 1358 1244 1415 autem
1277 1358 1429 1429 gestamen

297 1461 377 1534 regis
399 1462 429 1521 et
449 1478 501 1535 pro
523 1478 613 1534 regno
635 1461 762 1535 ponitur.
807 1459 1038 1534 Principium
1065 1460 1137 1519 deus
1160 1459 1266 1519 dicitur
1289 1459 1337 1517 uel
1360 1459 1429 1531 quia

298 1565 362 1624 sine
385 1563 468 1624 initio
491 1565 537 1624 uel
559 1564 630 1638 quia
650 1564 745 1624 omnia
767 1579 839 1637 quae
863 1565 931 1623 sunt
954 1564 990 1622 ab
1007 1580 1040 1622 eo
1068 1561 1182 1623 initium
1198 1562 1313 1622 essendi
1330 1578 1462 1635 sump-ro

298 1669 410 1727 serunt.
454 1667 633 1727 Medullis
648 1667 676 1725 ·i·
692 1666 851 1730 mentibus.
879 1663 1006 1725 Medulla
1022 1667 1067 1725 est
1089 1665 1209 1726 interior
1224 1681 1292 1738 pars
1308 1664 1428 1738 ossium,

298 1770 378 1830 dicta
408 1787 441 1831 eo
470 1772 544 1844 quod
572 1770 612 1828 sit
633 1769 737 1830 modia.
782 1770 907 1845 curis,
937 1786 1006 1830 cura
1028 1769 1161 1829 dictaeo
1184 1770 1259 1842 quod
1281 1784 1330 1828 cor
1352 1768 1428 1826 urat.

268 1923 270 1933 r
298 1873 421 1947 Serpit
454 1873 481 1931 ·i·
514 1874 659 1947 penetrat.
698 1873 893 1947 cecropei:
927 1873 1048 1947 Cecrops
1082 1871 1139 1931 mit
1171 1889 1222 1931 rex
1254 1870 1430 1931 Graecorum

298 1976 473 2037 ueneniieris
507 1976 637 2037 imbutus
658 1976 808 2051 doctrinis,
838 1976 906 2036 hinc
940 1975 1112 2051 Cecropcum
1141 1992 1284 2035 uenenum
1322 1973 1430 2033 dicitur

298 2079 429 2139 doctrina
452 2080 529 2139 illius
551 2080 637 2142 mala.
679 2079 873 2153 Spirantis
895 2080 1054 2141 odorem:
1078 2078 1321 2153 Hypallagecst,
1338 2077 1459 2139 debu-u

298 2181 371 2241 isset
392 2182 470 2241 enim
498 2182 607 2243 dicere:
637 2183 782 2243 sectantes
811 2185 923 2243 odorem
954 2183 1094 2257 spirantis
1117 2182 1206 2242 uitae.
1250 2183 1431 2242 Pedorem
1564 2242 1565 2251 ,

299 2283 327 2341 ·i·
353 2282 504 2344 faetorem.
542 2284 635 2344 Pedor
656 2285 773 2359 proprie
794 2285 902 2345 dicitur
924 2284 1018 2345 faetor
1050 2285 1164 2359 pedum.
1209 2284 1310 2359 Pagi.
1349 2286 1429 2357 Pago

298 2404 400 2463 graece
430 2388 537 2447 dicitur
564 2387 641 2464 fons,
670 2389 736 2450 iude
759 2389 865 2450 dicitur
895 2390 975 2461 uilla,
1000 2406 1032 2451 eo
1055 2389 1132 2463 quod
1154 2388 1193 2448 sit
1214 2388 1295 2447 iuxta
1317 2386 1430 2449 fontem

299 2492 371 2570 sita;
393 2492 460 2552 inde
482 2492 590 2565 pagani
606 2492 739 2552 dicuntur
754 2493 868 2565 uillani,
891 2510 924 2553 eo
940 2492 1016 2567 quod
1030 2493 1116 2566 longa
1130 2493 1193 2552 sint
1207 2509 1225 2551 a
1240 2491 1360 2553 ciuitate
1385 2491 1429 2551 dei

170 2617 173 2625 ·
297 2594 346 2655 uel
373 2595 457 2668 quasi
488 2612 523 2654 ex
550 2612 606 2654 uno
634 2594 714 2656 fonte
736 2599 881 2670 potantes.
927 2596 1152 2655 Laborintus
1181 2594 1239 2655 fuit
1264 2612 1378 2671 ypogea
1400 2595 1459 2658 ·i·so

299 2700 485 2759 subterranea
506 2697 594 2770 fossa,
618 2716 705 2773 quam
725 2699 797 2759 fecit
819 2700 973 2760 Daedalus.
996 2698 1110 2759 Fabula
1131 2699 1200 2758 talis
1222 2701 1276 2758 est.
1300 2697 1428 2773 Pasiphe

298 2800 355 2861 fuit
376 2819 446 2863 uxor
476 2800 591 2876 Minois,
620 2802 699 2877 regis
728 2801 838 2877 Oratae,
869 2820 942 2876 quaa
968 2802 1075 2862 amauit
1098 2803 1213 2862 taurum
1236 2804 1266 2861 et
1288 2818 1341 2875 per
1363 2818 1428 2861 con·

297 2906 396 2965 silium
418 2905 551 2983 Daedali,
574 2905 623 2980 qui
646 2908 710 2967 erat
732 2906 1000 2978 artificiosissimus,
1027 2904 1180 2967 concubuit
1203 2922 1267 2964 cum
1290 2920 1335 2976 eo,
1358 2904 1427 2977 inde

298 3013 387 3070 natus
420 3011 464 3069 est
495 3008 675 3069 Minotaurus
707 3011 863 3069 semihomo
895 3010 923 3069 ·i·
953 3009 1137 3083 semitaurus,
1175 3008 1225 3083 qui
1261 3007 1427 3068 comedabat

297 3113 438 3173 homines.
474 3111 584 3173 Videns
608 3114 704 3173 autem
727 3112 781 3172 hoc
802 3112 949 3173 Daedalus
972 3112 1041 3173 fecit
1063 3129 1202 3188 ypogeam
1225 3113 1253 3171 ·i·
1276 3114 1456 3173 subterra-aa

298 3232 380 3275 neam
403 3215 512 3275 fossam
534 3232 598 3274 cum
620 3216 658 3275 dl·
682 3216 775 3294 ostiis,
798 3216 831 3275 in
853 3234 910 3291 qua
929 3216 1060 3278 inclusus
1076 3218 1120 3277 est
1134 3215 1323 3290 Minotaurus,
1340 3231 1426 3289 quam
1562 3196 1563 3207 ἵ

298 3317 412 3379 domum
427 3318 614 3377 Laborintum
636 3319 754 3379 uocauit
776 3320 807 3377 et
828 3318 933 3379 dicitur
948 3320 1123 3380 Laborintus
1141 3319 1224 3392 quasi
1238 3319 1321 3378 labor
1337 3319 1426 3394 intus,

298 3419 367 3496 quia
389 3421 438 3495 qui
460 3421 548 3480 semol
570 3421 795 3496 ingrediebatur,
822 3439 969 3497 nunquam
991 3423 1202 3483 reuertebatur.
1240 3421 1316 3480 Hinc
1339 3425 1426 3496 poeta

271 3524 493 3599 'metaphorice
521 3524 710 3585 haborintum
737 3528 822 3585 uocat
850 3542 963 3586 errores
984 3526 1218 3601 Atheniensium,
1245 3526 1296 3600 qui
1317 3524 1426 3584 uilibus

298 3628 479 3689 delectantur
502 3628 676 3689 carminibus
699 3627 793 3702 magis
815 3645 900 3702 quam
923 3628 1000 3688 ueris
1023 3629 1111 3689 dictis
1133 3628 1319 3701 euangelicae
1343 3627 1456 3687 lecti-eo

296 3732 369 3792 onis.
407 3730 520 3791 Rouana
541 3732 643 3791 taurus
664 3732 770 3792 Minois
792 3730 871 3807 rogis
892 3733 1022 3793 notarius
1045 3732 1111 3809 luit,
1141 3730 1191 3806 qui
1214 3747 1277 3790 cum
1299 3729 1426 3803 Pasiphn

297 3835 460 3908 concubuit,
476 3834 590 3895 nomine
604 3833 794 3895 Minotaurus.
821 3834 965 3895 Daedalus
983 3834 1237 3896 artificiosissimus
1260 3832 1327 3906 luit,
1344 3832 1425 3893 cuius

349 4106 364 4159 1
389 4079 520 4194 chordam}
542 4106 571 4160 B
700 4105 717 4158 2
739 4120 792 4173 qno
815 4106 851 4175 X]
874 4122 988 4175 quorum
1010 4106 1066 4160 AB
1194 4106 1212 4159 6
1234 4105 1305 4159 altus
1327 4104 1356 4158 B

298 4209 314 4262 'l
339 4210 454 4279 repellat
479 4226 530 4265 om.
557 4210 586 4265 B
686 4212 715 4264 et
741 4207 890 4278 himologia
915 4210 972 4264 AB
1081 4210 1114 4265 15
1140 4209 1274 4279 yppalage
1300 4208 1356 4262 AB

296 4294 331 4348 17
351 4295 449 4350 inducre
472 4300 499 4350 A
601 4297 670 4351 fetor
691 4296 719 4349 A
821 4296 899 4365 page]
918 4311 968 4365 pue
984 4296 1041 4351 AB
1142 4296 1177 4350 20
1196 4296 1259 4365 uno]
1276 4293 1341 4361 fort.
1359 4294 1424 4348 uino

297 4381 343 4436 recl
360 4397 408 4436 suo
511 4383 545 4436 27
562 4381 742 4437 laborariutns
759 4380 817 4435 AB
