3142 5034
495 444 647 514 Paschal
667 443 786 514 Operis
807 445 877 499 Lib.
894 446 926 500 V.
1209 447 1273 513 289

148 638 330 715 modestior,
364 638 426 718 qui,
450 636 524 699 dnm
547 654 619 700 suae
641 638 741 716 parcit
767 636 901 718 linguae,
923 638 1060 719 pepercit
1088 638 1120 701 et
1146 654 1272 718 poenae,
1307 707 1308 718 ,

148 738 345 821 supplicibus
369 738 537 803 Dominum
553 739 656 804 uerbis
672 741 853 821 alloquitur,
870 739 1033 807 deflectens
1049 740 1180 809 lumina.
1203 742 1275 804 tan·

146 847 217 908 tum
249 842 346 906 libera
369 861 447 923 quae
469 843 605 923 gerebat,
628 844 661 905 in
682 848 809 917 terram,
833 844 979 924 quoniam
1002 845 1083 906 tensi
1109 843 1276 909 uulnerum

149 966 244 1013 uerus
267 947 304 1009 ab
328 946 517 1009 humilitatis
539 946 641 1009 officio
664 945 804 1010 uolentes
819 945 963 1011 inclinari
986 948 1105 1027 palmas
1120 947 1274 1012 arcebant.

127 1069 222 1114 enam
247 1056 411 1131 postquam
434 1046 565 1120 socium,
588 1052 639 1129 qui
663 1047 725 1112 iam
749 1047 900 1116 desociati
925 1051 1090 1126 meruerat,
1113 1050 1189 1113 iusti
1211 1066 1275 1113 sar·

149 1154 251 1215 monis
289 1151 499 1233 increpatione
535 1150 694 1232 redarguit
731 1169 865 1233 suaeque
902 1152 1023 1233 culpam
1061 1153 1275 1233 proteruitabis

149 1254 290 1338 agnouit,
323 1254 486 1317 [lominum
516 1254 562 1317 sio
590 1258 750 1335 precatur:
778 1273 923 1320 memor
952 1260 1038 1321 esto
1070 1259 1163 1333 mei,
1193 1274 1276 1319 oum

151 1360 312 1420 ueneris
342 1356 381 1419 in
405 1376 563 1438 regnum
591 1361 714 1423 tunm.
752 1377 843 1439 quern
868 1360 938 1439 pius
960 1358 1032 1423 ilico
1056 1358 1219 1441 Dominus,
1242 1362 1278 1421 ut

151 1468 307 1525 errantem
340 1480 394 1542 per
427 1461 500 1523 auia
537 1461 659 1524 deserta
691 1466 796 1543 pastor
831 1479 920 1525 ouem
960 1482 1029 1541 cum
1069 1460 1277 1545 gratulatione

117 1562 347 1645 rcrecolligens,
382 1563 536 1627 allocutus
567 1569 614 1627 est
643 1565 766 1631 dicensc
798 1583 905 1627 amen
936 1564 1022 1627 dico
1053 1564 1144 1640 tibi,
1166 1563 1279 1629 hodie

152 1685 305 1728 mecurn
329 1666 405 1730 eris
428 1666 466 1728 in
485 1666 683 1746 paradiso.
718 1684 735 1730 o
762 1666 915 1731 mirabilis
931 1672 962 1731 et
978 1667 1085 1731 diuina
1099 1666 1277 1749 promissio!

56 1804 61 1813 ·
152 1769 327 1852 paradisum
352 1788 384 1831 se
400 1768 478 1832 dicit
493 1771 609 1833 intrare
625 1770 676 1851 qui
694 1768 877 1852 properabat
898 1770 935 1834 ad
952 1770 1072 1833 inferna
1087 1769 1278 1851 descendere,

152 1884 306 1955 quatenus
344 1871 516 1958 euidentius
552 1873 691 1937 edoceret
729 1873 851 1936 nullum
886 1878 1009 1953 tempus
1043 1872 1184 1948 existere,
1220 1889 1279 1954 quo

155 1978 236 2038 llens
277 1993 335 2038 non
379 1976 492 2058 ubique
534 1976 576 2039 sit
609 1993 764 2056 praesens.
814 1980 849 2038 ut
883 1976 966 2039 enim
999 1975 1126 2039 latronis
1159 1976 1279 2040 animos

117 2080 216 2141 ceiam
243 2078 323 2141 beati
339 2078 447 2140 mortis
464 2078 630 2141 formidine
645 2081 801 2151 caenaret,
819 2097 880 2144 non
897 2082 1021 2143 tantum
1037 2077 1141 2159 inquit
1167 2077 1280 2141 hodie

154 2200 299 2244 mecum
322 2182 414 2257 cria,
439 2200 476 2243 ne
499 2182 691 2262 sepulturam
715 2186 879 2262 putaretur
897 2184 1024 2257 edicere,
1042 2180 1094 2250 sed
1111 2178 1225 2262 adiecit
1240 2180 1279 2243 in

154 2285 357 2364 paradiso,
383 2285 434 2347 ubi
458 2284 532 2347 flora
555 2288 702 2367 perpetuo
729 2287 838 2350 blanda
860 2305 913 2367 par
933 2304 1021 2369 agros
1043 2286 1126 2353 ridet
1142 2282 1279 2367 ambaru-

158 2372 207 2449 tas
232 2397 263 2448 ct
286 2386 416 2467 inriguis
433 2388 577 2469 uoluptas
600 2389 737 2451 lontibus
761 2387 900 2452 enutrita
923 2388 1128 2471 pulchrosque
1144 2385 1282 2451 molliter

157 2509 211 2570 per
247 2490 352 2551 llortos
386 2489 499 2565 infusa,
534 2493 634 2552 totum
663 2497 753 2572 grata
782 2493 936 2557 suauitate
967 2489 1114 2555 laetificat
1140 2488 1289 2569 interque¹

259 2700 274 2751 7
293 2700 325 2751 ot'¹
345 2697 407 2752 Luc.
425 2699 466 2764 23,
484 2699 518 2751 42
623 2699 656 2751 10
675 2699 708 2751 ib.
728 2699 763 2752 43

209 2896 221 2949 1
244 2894 399 2947 mosdestior
417 2900 440 2956 (s
459 2899 540 2958 eros.)
558 2894 584 2946 Β
686 2893 851 2967 2snpplici0
870 2894 913 2958 H,
942 2896 1074 2965 supplicia
1093 2894 1120 2949 B
1208 2878 1283 2965 ⁸sup-

157 2982 238 3049 plieio
264 2997 295 3033 ac
321 2981 422 3033 domini
450 2981 470 3033 Ι
573 2979 618 3032 dni
648 2980 674 3032 Β
785 2980 883 3049 uerbis]
911 2981 1068 3035 emendabit
1096 2980 1223 3034 Iuratae:
1253 2997 1283 3034 ac

159 3102 300 3153 llominuru
322 3100 409 3151 uerbis
428 3098 597 3166 precantibus
610 3098 758 3166 alloquitur
772 3107 811 3163 (ao
824 3116 879 3157 ont.¹
891 3100 963 3155 Gall.
975 3102 1069 3167 Areo.)
1171 3072 1284 3154 deficite„

157 3187 185 3240 B
289 3186 382 3238 lirnina
407 3185 442 3239 H
549 3186 566 3238 4
595 3185 730 3255 inclinari]
756 3203 806 3239 om.
832 3187 867 3241 H
973 3186 1171 3255 palruescebant
1198 3187 1218 3241 1

157 3275 175 3326 b
197 3274 296 3324 tociurn
322 3283 345 3335 ts
369 3275 447 3337 eras.)
472 3272 504 3324 H
604 3287 709 3339 quaeum
728 3274 748 3334 (i
767 3273 777 3324 i
795 3276 876 3339 crus.)
894 3272 929 3326 H
1029 3273 1114 3326 otium
1138 3287 1206 3355 quae
1230 3272 1283 3327 iam

159 3394 180 3447 I
264 3395 398 3446 desociare
415 3394 471 3458 HI,
502 3394 623 3448 disociari
643 3396 669 3448 Β
755 3399 902 3471 merneerat
919 3396 947 3450 Β
1036 3360 1169 3463 sermones
1188 3395 1216 3449 Β

159 3483 175 3531 e
199 3481 277 3546 culpa
300 3480 326 3533 Β
428 3481 442 3531 1
468 3481 623 3547 precabatur
645 3482 725 3534 HBo
827 3484 844 3536 8
866 3483 928 3535 dum
953 3498 970 3537 a
1071 3484 1088 3536 9
1113 3498 1172 3535 cum
1192 3484 1284 3549 gratu-

160 3567 268 3630 latione]
293 3564 348 3620 alib
372 3566 434 3617 dum
457 3566 488 3617 e'a
510 3583 594 3635 morp.
616 3565 645 3625 Β
668 3566 754 3622 (boati
777 3567 859 3620 acute
883 3568 920 3621 od
937 3568 1082 3635 superiecto
1099 3584 1160 3621 curn
1179 3567 1284 3619 ueneris

157 3654 312 3720 pertineat)
412 3653 444 3703 ill
463 3652 555 3712 Arnen,
574 3668 648 3704 arnan
668 3653 695 3706 B
794 3655 822 3705 11
846 3654 974 3722 paradyso
992 3653 1055 3708 RH
1147 3653 1284 3705 miraculis

159 3739 190 3794 H
308 3740 339 3790 12
366 3738 527 3804 paradyeum
554 3736 587 3789 H
697 3754 784 3791 seeum
812 3740 882 3793 coni.
912 3739 981 3793 Gatt
1098 3740 1130 3792 13
1157 3739 1285 3806 quatinus

161 3826 188 3879 B
286 3824 435 3876 euidentius
453 3840 502 3876 om.
523 3823 570 3875 Bo
672 3825 792 3877 eedocere
811 3828 833 3883 tt
852 3828 931 3891 creta.)
950 3824 985 3878 H
1084 3824 1152 3909 quod
1179 3825 1219 3885 Β,
1249 3822 1285 3891 qd

160 3945 202 3998 Ηι
221 3917 265 4012 (rso
284 3960 351 3997 corr.
371 3960 406 3995 111.
418 3947 454 4004 2),
485 3959 550 4011 quoa
572 3943 607 4006 B,
638 3959 725 4010 quo-o
826 3946 857 3997 14
875 3944 1033 4011 dominuso
1131 3943 1169 3995 sit
1187 3942 1285 4010 ubique

160 4049 177 4085 v
275 4033 394 4083 acriorum
414 4028 494 4082 HBo
596 4032 626 4081 15
644 4030 722 4098 beate
739 4030 774 4093 R,
806 4030 876 4083 beati
895 4030 937 4083 ΗΙ
966 4031 1042 4098 beate
1060 4044 1129 4083 corr.
1149 4031 1216 4082 m.2

163 4120 196 4174 16
220 4117 395 4171 ne-adieoit
418 4133 459 4168 coc
491 4115 541 4177 Ιυ,
569 4130 669 4168 rasura
692 4130 777 4183 usque
801 4117 923 4183 paradiso
945 4117 977 4168 icc
994 4116 1037 4178 H,
1066 4115 1139 4169 Gall.
1157 4114 1286 4168 beccam

161 4210 235 4256 recte
257 4205 411 4269 suspicatus
433 4201 560 4253 ceowcit:
587 4216 639 4251 non
661 4204 776 4261 tantum,
805 4202 900 4267 inquit¹
931 4201 1036 4274 (supple
1063 4200 1208 4266 meminero
1232 4200 1293 4266 tui),

162 4289 303 4341 sectante
396 4286 426 4341 11
445 4302 521 4353 egres
540 4286 571 4338 H
661 4286 694 4337 18
711 4286 837 4355 inriguis]
857 4302 890 4339 ero
906 4285 1077 4360 inriguasH
1160 4286 1286 4357 uoluptas

161 4391 195 4427 ex
214 4383 265 4424 ·trs
285 4372 310 4424 Β
413 4373 566 4438 pulcrosqne
584 4370 617 4422 H
718 4371 750 4423 19
767 4378 840 4424 ortos
858 4372 885 4427 Β

217 4490 238 4525 n
1014 4540 1018 4546 ν
1151 4476 1183 4530 19
