3142 5034
282 357 369 406 XLVI

296 607 302 617 ι
327 526 439 610 selegi,
460 546 500 591 ue
515 527 631 594 librum
648 525 742 592 nimis
757 524 851 592 rebus
867 525 1014 592 futilibus
1029 544 1198 606 onerarem,
1222 545 1258 605 ex
1273 523 1410 609 Remigii

275 630 472 715 expositione
501 630 574 696 illas
605 629 703 708 notas
734 648 812 712 quae
834 629 885 695 uel
907 631 947 694 ad
969 631 1065 694 uerba
1085 632 1195 714 poetae
1218 629 1411 711 explananda

283 734 334 800 uel
356 733 395 798 ad
410 734 550 800 codicum
573 733 721 798 lectiones
737 733 964 799 confirmandas
986 731 1173 816 pertineant,
1198 751 1296 816 neque
1318 750 1408 816 prae·

283 837 405 904 termiei
439 838 550 920 quibus
585 837 699 902 litteris
733 836 829 902 medii
862 838 931 902 aeui
964 839 1041 902 satis
1069 837 1169 902 adhuc
1198 836 1335 902 obscuris
1357 837 1433 901 lux-

173 990 178 997 .
215 952 217 956 “
279 940 450 1020 adferatur.
495 941 600 1023 Atque
639 940 763 1006 edendis
801 940 951 1022 excerptis
987 940 1072 1005 44444
1108 959 1178 1005 sum
1212 940 1286 1006 solis
1320 940 1409 1005 libris

283 1043 534 1127 MonacensibuS,
566 1063 694 1126 quorum
724 1045 804 1109 alter
829 1041 883 1130 (B)
907 1043 1156 1110 414444223θῖ
1181 1043 1273 1128 (olim
1294 1041 1409 1108 Wind-

284 1149 383 1231 berg.)
409 1166 434 1214 s.
456 1146 503 1212 XI
525 1147 546 1212 1.
572 1147 740 1213 roa-152
770 1147 971 1230 expositionis
1000 1148 1212 1231 fragmentum
1241 1165 1340 1230 usque
1370 1147 1410 1212 ad

283 1253 299 1316 1
321 1251 384 1316 226
408 1249 461 1334 (41.
485 1253 580 1320 catal.
596 1252 682 1331 codd.
699 1251 782 1333 Mon,
807 1253 838 1316 et
859 1270 964 1316 meum
984 1251 1128 1317 libellum
1144 1270 1175 1332 p.
1191 1251 1235 1332 7),
1257 1252 1337 1316 alter
1352 1251 1408 1330 (Α)

282 1353 402 1419 Moneo.
429 1353 482 1440 (ol.
501 1356 662 1439 Tegerns.)
688 1353 792 1421 19456
814 1373 840 1419 s.
862 1354 893 1418 X
915 1373 992 1437 opus
1015 1355 1173 1439 integrum
1195 1355 1334 1419 continet
1357 1352 1407 1435 (ci.

281 1480 325 1525 m.
348 1457 405 1524 lib.
427 1479 459 1543 p.
482 1461 524 1539 6).
562 1459 624 1538 dui
647 1459 773 1540 quidem
796 1459 877 1524 liber
897 1460 1022 1542 praeter
1037 1459 1257 1542 expositionem
1272 1457 1408 1540 Remigii

282 1565 314 1627 in
338 1580 414 1645 opus
437 1562 579 1645 paschale
606 1562 639 1644 (f.
662 1563 839 1645 2‘-158b)
863 1563 896 1628 et
917 1563 950 1626 in
971 1561 1103 1645 hymnos
1129 1561 1163 1644 (f.
1190 1559 1408 1638 raab-164⁸)

280 1668 424 1734 continet
456 1668 704 1750 explanationem
737 1668 917 1733 eiusdem
908 1687 942 1732 111
968 1668 1084 1733 Bedam
1113 1669 1151 1733 de
1179 1667 1246 1730 arte
1278 1663 1409 1729 metrica

281 1772 383 1836 etde
415 1771 582 1836 schematis
612 1775 643 1836 et
677 1771 785 1854 figuris
819 1770 1036 1852 ineditam(l.
1062 1770 1185 1835 164-
1195 1769 1292 1852 174⁸).
1328 1767 1407 1833 Sub-

283 1873 412 1956 scriptio
434 1874 508 1940 libri
531 1874 595 1938 est:
618 1873 688 1955 Epo
705 1872 914 1953 froumundus
928 1892 997 1954 cepe
991 1868 1096 1938 tnnc
1110 1870 1251 1936 libellum
1265 1870 1407 1934 scribere.

273 1977 335 2042 sed
351 1978 449 2061 noceri
471 1978 572 2040 nostri
589 1995 666 2058 qnos
688 1977 781 2042 docnr'
796 1995 861 2040 neo
882 1975 1048 2041 innomine
1065 1974 1329 2056 perscripserunt.
1354 1973 1408 2056 qni
1552 2006 1553 2071 3

279 2081 335 2161 hcc
357 2068 513 2146 4444444444
535 2099 574 2144 roe
596 2079 751 2144 adtendas
779 2080 864 2144 nitio
891 2079 945 2143 scd
966 2079 1141 2167 denotionis
1162 2077 1358 2142 uoluntatem
1379 2083 1428 2141 ct·
1552 2138 1553 2155 q

281 2204 340 2247 oro
356 2203 418 2264 pro
440 2183 530 2247 nobis
553 2183 595 2248 od
617 2182 709 2247 donoc
730 2202 834 2247 omen.
872 2183 1010 2264 Uterque
1039 2182 1128 2266 liber,
1160 2181 1214 2264 qui
1244 2200 1279 2244 ex
1301 2183 1407 2246 eodem
1546 2166 1553 2181 ”

276 2288 447 2369 ¹archetypo
478 2285 578 2364 fluxit,
613 2289 799 2351 correctores
830 2287 971 2368 expertus
1004 2290 1062 2348 est.
1097 2285 1248 2366 Equidem
1277 2283 1405 2350 ducibus

279 2405 471 2472 quamquam
504 2408 566 2454 non
598 2391 689 2454 certis
717 2408 791 2454 usus
818 2389 852 2453 in
880 2390 1065 2454 recensenda
1095 2388 1282 2472 expositione
1310 2405 1407 2470 pauca

282 2494 403 2558 mutoui
432 2491 563 2570 ueritus,
595 2511 632 2555 ue
663 2511 700 2556 eu
729 2493 926 2557 emendatore
948 2490 1205 2574 Remigiomastix
1227 2490 1406 2556 existerem:

279 2597 364 2679 quod
386 2599 422 2660 44
445 2595 523 2660 mihi
545 2595 622 2660 uitio
645 2612 706 2660 non
728 2599 840 2660 uertes.
873 2595 1085 2660 librariorum
1108 2595 1239 2676 denique
1269 2593 1406 2659 incuriae

274 2703 316 2766 44
327 2700 440 2764 Prosae
462 2701 494 2762 et
508 2697 714 2782 Expositionis
733 2699 858 2777 indulsi,
881 2717 951 2764 oum
974 2716 1076 2763 rerum
1099 2697 1406 2782 orthographicarum

186 2861 192 2876 ,
279 2801 522 2885 discrepantiam
546 2801 677 2868 fortasse
699 2805 819 2886 saepius
840 2801 1051 2868 admitterem.

322 3056 483 3125 Postremo
511 3060 608 3123 restat
610 3059 683 3137 t
645 3077 759 3142 gre
761 3061 822 3123 1as
845 3069 942 3141 agam'
957 3074 1108 3123 maxrmas
1130 3057 1168 3123 G
1193 3059 1238 3123 do
1260 3058 1361 3123 Hert
1367 3059 1405 3124 el

278 3165 399 3246 magist
395 3182 434 3229 ro
385 3163 666 3228 tdilectissimo
696 3165 769 3228 ets
713 3161 929 3227 tstudiorum
956 3178 1097 3227 meorum
1118 3178 1240 3243 semper
1263 3164 1406 3244 patrono,

275 3287 300 3330 a
333 3283 393 3348 qno
426 3270 612 3350 quantopere
646 3267 678 3331 in
712 3267 866 3349 scriptura
898 3265 1114 3330 constituenda
1144 3268 1175 3330 et
1211 3267 1406 3334 emendanda

284 3433 484 3442 *μμ-.-

274 3523 328 3592 qui
345 3539 378 3577 ne
395 3527 456 3578 sont
473 3540 520 3592 pas
545 3542 606 3578 sans
628 3525 727 3579 inierat
749 3540 817 3594 pour
834 3525 852 3578 l'
868 3525 980 3578 histoire
1003 3526 1146 3579 littoraire:
1170 3525 1352 3579 Dilectissimo
1377 3528 1407 3579 et

279 3609 461 3663 eruditissimo
473 3611 530 3664 filio
543 3611 650 3665 Feraclo
663 3611 807 3666 Colmanus
818 3651 824 3665 .
835 3652 842 3664 .
853 3649 877 3662 ..
894 3613 981 3664 multa
993 3610 1020 3664 in
1033 3611 1137 3665 Sednlii
1152 3611 1275 3664 Paschali
1287 3611 1406 3665 carmine

274 3697 405 3764 corrupta
434 3695 503 3764 qnod
533 3714 603 3751 nunc
631 3697 702 3766 apud
732 3714 779 3751 uos
810 3698 912 3766 duplici
941 3699 1041 3767 legitur
1070 3699 1187 3752 editione
1217 3698 1404 3766 conscriptum.

279 3779 415 3847 Quattuor
428 3783 559 3852 siquidem
573 3796 638 3851 qnos
652 3785 714 3837 ante
726 3784 848 3838 uersibus
860 3783 980 3837 condidit
992 3784 1105 3851 libellos,
1127 3801 1218 3838 rursus
1235 3785 1340 3838 eosdem
1352 3785 1406 3838 im·

279 3868 389 3935 perante
401 3868 554 3922 Macedonio
567 3869 594 3921 in
607 3868 754 3922 theoricum
768 3883 914 3924 sermonem
926 3871 989 3923 stilo
1002 3869 1125 3924 liberiore
1142 3871 1296 3925 transtulit
1320 3869 1405 3924 (luins

279 3952 367 4021 operis
387 3953 501 4021 primam
519 3956 623 4023 partem
641 3955 669 4008 in
687 3955 822 4009 codicibus
840 3959 937 4011 uestris
954 3956 1061 4010 habetis
1079 3961 1240 4024 corruptam,
1260 3956 1403 4010 secundam

278 4039 387 4108 penitus
410 4039 551 4108 ignoratis.
582 4040 621 4093 Ex
643 4040 740 4108 quibus
764 4057 848 4109 pauca
871 4040 923 4095 tibi
947 4043 1121 4110 cognoscendi
1144 4044 1241 4112 gratia,
1269 4047 1403 4109 quantum

275 4125 431 4193 epistolaris
449 4127 576 4194 angustia
593 4128 691 4195 potuit
710 4128 898 4181 transmittere
915 4128 1015 4182 curaui.
1046 4128 1158 4182 Suiuent
1175 4128 1221 4182 des
1238 4128 1338 4182 details
1357 4141 1404 4182 sur

280 4211 307 4264 le
328 4211 514 4276 versificatione,
538 4212 577 4266 les
597 4211 696 4281 rigores
720 4215 770 4268 etc.
794 4212 855 4282 puis
872 4229 924 4268 unc
939 4215 1049 4284 anelpse
1074 4213 1246 4284 sequence
1264 4214 1346 4268 liores
1365 4213 1402 4269 du

274 4311 385 4352 nomen
403 4297 542 4366 paschale.
579 4335 581 4340 -
