3142 5034
260 394 326 463 298
759 389 896 446 Sedulii

265 580 500 649 resurrectionis
516 578 662 662 ostendit,
676 579 714 674 ut
734 577 788 663 pia
807 578 946 663 genetrix
965 578 996 643 et
1010 576 1145 661 benigna
1159 576 1233 643 talis
1247 576 1394 643 miraculi

263 684 481 752 testimonium
503 684 680 768 uulgatum,
704 699 783 765 quae
805 682 867 747 fuit
889 681 1047 770 nascentis
1067 681 1172 757 ianua,
1196 680 1273 774 dum
1288 680 1393 746 uenis-

264 791 314 856 set
335 789 370 854 in
392 787 554 867 mundum,
577 787 653 852 haec
675 786 757 853 esset
779 788 845 853 eius
865 788 898 851 et
913 786 1026 852 nuntia
1041 785 1210 851 deserentis
1225 783 1394 850 infernum.

211 913 255 977 31
306 909 380 975 Mox
404 909 515 974 deinde
537 907 680 980 conuiuio
704 924 776 971 eum
799 904 986 989 quibusdam
1008 906 1096 971 uelut
1118 905 1309 987 praeteriens
1329 906 1395 988 uia-

264 1014 315 1079 tor
343 1010 496 1091 interfuit,
525 1015 619 1094 atque
647 1008 854 1075 confractione
881 1009 971 1091 panis
1000 1027 1104 1078 eorum
1135 1026 1168 1075 se
1198 1008 1341 1073 sensibus
1363 1011 1433 1089 ets

265 1114 572 1206 oculis,publioauit,
595 1114 670 1196 quia,
691 1131 763 1179 cum
785 1132 877 1178 uerus
900 1112 966 1195 ipse
990 1112 1033 1177 sit
1055 1111 1155 1195 panis,
1178 1111 1244 1177 illis
1266 1110 1396 1182 lumini-

265 1218 327 1284 bus
368 1220 544 1297 innetescit,
577 1235 653 1300 qnos
684 1215 761 1282 tides
794 1217 921 1283 interior
950 1235 1088 1296 reserans
1117 1234 1153 1280 ac
1182 1215 1327 1298 detegens
1356 1215 1398 1279 ad

212 1324 251 1388 sl
265 1321 456 1406 agnitionem
477 1320 607 1390 Domini
626 1320 745 1404 gratim
762 1320 905 1387 claritate
921 1320 1073 1403 perducit.
1106 1319 1285 1402 frequenter
1299 1318 1396 1383 etiam

266 1424 399 1491 diuersis
432 1424 624 1507 temporibus
654 1425 685 1489 et
713 1421 881 1489 momentis
912 1422 1116 1489 manifestum
1139 1440 1211 1501 ,sese
1234 1420 1396 1501 discipulis

147 1518 153 1530 ’
265 1530 510 1593 demonstrauit:
527 1545 609 1593 nunc
630 1528 826 1593 nascentibus
842 1525 988 1609 inopinus
1008 1544 1169 1611 apparens,
1191 1544 1274 1596 nunc
1293 1523 1397 1589 obusti
1407 1547 1432 1587 ro

265 1631 362 1715 piscis
392 1632 426 1696 et
459 1630 525 1696 fani
553 1631 636 1696 cibos
669 1629 835 1712 accipiens,
865 1632 1018 1711 quatenus
1052 1627 1227 1694 euidentius
1255 1627 1398 1708 edoceret

233 1742 236 1754 ¹
265 1752 316 1800 res
344 1752 409 1799 csse
438 1736 574 1815 corporis
608 1736 713 1819 dapes,
743 1752 820 1817 quas
848 1733 965 1799 edendo
999 1732 1177 1798 uidentibus
1211 1732 1398 1815 approbauit

264 1837 322 1903 illc
343 1855 377 1902 se
398 1835 541 1902 membra
562 1856 646 1904 nunc
667 1855 782 1920 gerere,
807 1854 884 1919 quae
906 1854 1003 1918 nuper
1025 1836 1164 1919 gesserat
1185 1836 1269 1925 ante.

212 1965 254 2029 32
307 1956 425 2022 Rursus
449 1957 542 2039 idem,
565 1976 635 2022 cum
658 1957 832 2021 metuentes
855 1956 989 2038 apostoli
1004 1955 1210 2037 plebiculae
1225 1954 1397 2020 Dominum

265 2077 356 2141 saepe
377 2063 553 2143 negauerat,
575 2058 748 2124 uiolentam
771 2057 926 2124 sustinere
948 2057 1125 2135 saeuitiam,
1150 2056 1271 2123 clausis¹
1286 2058 1432 2141 domuere

264 2162 367 2227 ianuis
388 2165 614 2245 permanerent,
637 2162 789 2228 obseratis
805 2162 932 2226 adstans
949 2160 1067 2239 foribus
1081 2159 1269 2244 inprouisus,
1286 2178 1396 2243 pacem

264 2265 386 2330 cunctis
409 2264 496 2329 dedit
517 2265 707 2330 salutatione
728 2265 889 2343 sermonis,
913 2267 950 2329 ut
974 2263 1100 2329 afflictis
1122 2263 1276 2329 laetitiam
1293 2264 1395 2329 tribu-

264 2385 320 2431 ens
356 2386 528 2451 repensam,
558 2368 639 2451 quod
667 2368 849 2451 prophetica
878 2385 964 2432 uoce·
984 2368 1175 2451 signauerat,
1202 2366 1395 2449 approbaret,

314 2571 475 2641 lgenitrix
496 2573 555 2627 P
625 2571 764 2626 miraculis
788 2572 836 2627 -Β·
921 2571 1068 2627 diploma
1094 2570 1196 2633 HBo,
1248 2571 1295 2639 „4
1321 2584 1397 2629 even

261 2688 296 2729 nu
317 2689 479 2730 rnncurorm
504 2689 589 2729 rme
613 2690 657 2729 ssu
679 2662 734 2729 nis
757 2688 883 2729 lemnus
906 2675 947 2740 R,
982 2674 1015 2727 de
1038 2674 1169 2728 fractione
1186 2674 1263 2743 panis
1280 2673 1328 2727 ubi
1345 2661 1395 2727 ‹u‘n‘s

261 2760 317 2815 fuit
334 2762 446 2829 agnitus
464 2760 508 2827 H,
544 2760 670 2815 Christus
690 2760 831 2830 discipulis
849 2762 967 2829 apparet,
986 2760 1079 2815 fauum
1097 2763 1124 2813 et
1141 2761 1240 2830 piscem
1253 2761 1396 2815 manducat

260 2896 279 2935 o
393 2848 604 2952 ues‘preteriens
620 2882 649 2938 R
764 2882 780 2936 5
805 2882 994 2951 confractione]
1019 2882 1048 2935 in
1071 2881 1201 2937 fractione
1224 2882 1284 2947 Bo,
1313 2884 1343 2936 in
1360 2898 1397 2937 coc

261 2966 363 3035 carnii)
381 2968 416 3022 H
507 2984 536 3022 se
553 2984 604 3024 om.
621 2966 679 3023 RB
773 2969 790 3022 6
814 2968 923 3039 quia]p
945 2968 973 3022 B
1060 2968 1129 3037 curn}
1153 2968 1224 3037 quod
1246 2968 1327 3024 HBo

260 3049 328 3124 illis]
347 3068 418 3107 cros.
437 3054 480 3118 H,
510 3068 595 3108 om.o
693 3054 875 3108 'linnoteseet
893 3053 921 3108 P
1015 3054 1133 3107 anterior
1152 3058 1178 3120 (a
1195 3056 1277 3123 cras.)
1297 3054 1331 3109 H

260 3157 390 3225 reserans]
409 3160 536 3216 reserant,
546 3156 580 3223 P,
610 3157 764 3234 inserenso
816 3215 818 3225 ,
866 3156 1002 3229 detegens]
1022 3156 1079 3213 elib
1098 3142 1183 3229 detgel
1203 3159 1235 3212 tre
1252 3174 1340 3228 usurp.
1358 3158 1394 3223 B,

261 3242 401 3313 detergens
415 3244 485 3309 ΡΗ,
514 3244 641 3313 detegens
658 3259 675 3298 o
760 3244 778 3297 8
795 3260 832 3321 nn
848 3234 924 3321 savo
943 3259 1050 3299 nnuma
1064 3258 1210 3319 surranum
1226 3258 1316 3319 ,meone
1333 3230 1397 3298 nssr

259 3328 303 3393 R,
332 3344 383 3383 oen.
401 3330 437 3384 H
503 3319 707 3384 ¹limarriicsta
724 3328 752 3383 P
793 3332 808 3377 .’
844 3327 878 3383 10
892 3318 1094 3385 ¹demonstrauit
1109 3326 1163 3386 ‘coa
1180 3320 1230 3385 ''P'
1291 3316 1396 3385 'abisti

259 3415 302 3481 B,
332 3415 463 3470 adustio
564 3422 626 3485 post
649 3414 774 3470 conbusti
796 3422 950 3485 sequautur
964 3418 999 3471 ire
1020 3417 1048 3472 P
1074 3418 1130 3470 tale
1153 3416 1333 3485 lienus-'Dei
1356 3414 1394 3482 cf.

257 3518 289 3571 p.
306 3505 368 3567 300,
387 3506 405 3555 9
498 3502 528 3557 11
547 3501 606 3555 faui
623 3501 707 3571 cibos]
725 3501 848 3557 lancibus
867 3503 908 3556 P·
972 3504 1115 3571 *quatinus
1134 3503 1189 3557 PB
1217 3532 1219 3540 ·
1275 3502 1397 3557 edoceret

261 3587 416 3642 euidentius
434 3587 485 3642 He
588 3588 694 3646 edocere
711 3588 740 3642 P
785 3618 791 3627 ·
843 3587 875 3642 12
897 3588 947 3657 res]
965 3604 1017 3645 om·
1036 3588 1071 3643 R:
1087 3642 1100 3649 ,
1134 3616 1147 3638 r
1167 3588 1280 3649 sedendo
1299 3589 1328 3644 P
1374 3634 1376 3643 .

262 3693 296 3747 13
317 3690 379 3746 mla
404 3690 440 3745 H
539 3691 646 3747 nun-B
748 3692 822 3761 anm]
841 3694 957 3746 mertem
978 3692 1044 3761 Ho,
1075 3678 1223 3777 mortci'B
1325 3708 1396 3746 nun-

259 3797 403 3867 pgererut
424 3795 486 3847 ante
510 3792 560 3849 XV
583 3794 612 3849 P
656 3823 659 3830 =
713 3792 747 3847 14
768 3809 819 3849 vsr
842 3808 1020 3851 uncnnnrnun
1043 3811 1080 3849 nn
1101 3802 1397 3853 n1scrsrnoscmvs1s

190 3943 194 3950 ,
259 3896 380 3938 cosmus
406 3879 474 3936 RH
500 3883 577 3950 (post
602 3880 744 3943 saeuitiam
770 3881 889 3947 iopes),
912 3880 1039 3937 chrisme
1066 3882 1186 3942 ostendit
1210 3882 1398 3950 plagassano

260 3967 402 4036 discipulis
421 3967 491 4021 Par.
509 3966 566 4032 Oet.
652 3966 994 4041 Rursus-saeuitiam,s'u
1008 3982 1063 4040 pos.
1083 3968 1156 4043 B²¹
1209 3969 1397 4055 centurpentes

258 4071 289 4125 P
387 4055 440 4124 dns
467 4070 501 4136 P,
541 4056 587 4124 dm
610 4070 642 4125 B
751 4073 785 4127 15
812 4085 887 4140 saepe
915 4072 1051 4125 dominum
1078 4070 1107 4127 R
1209 4072 1341 4138 uiolentia
1358 4070 1396 4134 P,

259 4156 419 4211 uiolentiam
443 4156 477 4210 H
497 4156 565 4210 Por.
590 4156 677 4224 Gad,
708 4157 827 4211 uiolenta
852 4161 878 4225 (a
902 4158 983 4229 corr.)
1012 4158 1039 4211 B
1142 4158 1240 4211 clausis
1263 4162 1272 4231 .(
1302 4144 1399 4235 imos.)—

260 4244 296 4299 H
396 4243 428 4296 16
446 4243 565 4297 obtrusis
583 4244 630 4307 H,
660 4243 793 4298 obstrusis
811 4244 861 4301 Be
965 4246 997 4299 ll
1016 4245 1154 4299 laetitiam
1173 4245 1201 4299 P
1303 4244 1335 4299 18
1353 4244 1396 4298 rcss

260 4342 369 4397 pensam
387 4328 432 4395 H,
461 4330 661 4397 repentinamo
765 4330 904 4401 prophetia
923 4331 951 4384 B
1054 4329 1200 4399 adprobare
1218 4330 1247 4384 P
