3142 5034
520 447 673 505 Paschal.
693 448 812 517 Operis
832 447 903 507 Lib.
921 449 953 503 V.
1239 452 1303 519 283

170 636 288 719 species
313 636 455 720 propriae
483 636 664 703 deiectionis
691 638 852 704 indicium.
890 638 972 722 quod
999 638 1083 703 enim
1109 639 1144 703 in
1172 639 1302 705 sublimi

170 739 300 823 fastigio
324 755 440 821 ,necem
468 741 598 806 sortitus
627 744 675 806 est
702 740 840 823 pertidus
869 742 901 807 ct
923 741 1071 820 desertor,
1094 742 1245 825 patefecit
1267 762 1302 807 ex

170 844 289 926 quanto
319 841 455 908 culmine
483 842 526 907 sit
560 843 736 927 prolapsum
773 856 872 927 nuper
900 844 1082 928 discipulus,
1115 848 1205 913 modo
1239 846 1301 911 iam

169 964 261 1028 reum
283 962 381 1028 nuper
404 945 570 1029 apostolus,
594 962 677 1011 nunc
698 947 842 1029 apostata
863 948 1042 1014 nominatus
1065 948 1123 1014 est.

148 1098 163 1139 5
215 1061 293 1131 Cum
316 1083 390 1131 uero
413 1065 568 1132 Dominus
598 1070 672 1133 ante
694 1067 837 1133 tribunal·
856 1066 1008 1150 praesidis
1029 1069 1143 1133 ¹staret
1171 1067 1302 1152 intrepi·
1316 1076 1350 1138 ΙΙ

169 1168 241 1252 dus,
262 1173 299 1234 ut
322 1186 422 1253 agnus
446 1168 533 1233 mitis
547 1171 716 1253 productus
732 1172 774 1236 ad
788 1170 941 1255 iugulum,
958 1169 1041 1236 nihil*
1054 1170 1186 1253 dignum
1203 1174 1303 1237 murto

169 1271 360 1354 repperiens,
380 1272 462 1356 quod
477 1272 506 1337 ei
520 1272 653 1356 populus
666 1276 830 1339 accusator
845 1272 994 1353 obiceret,
1010 1290 1115 1358 regam
1128 1292 1161 1339 ae
1177 1274 1301 1353 dixisse,

171 1375 226 1459 qui
254 1375 423 1441 manifesto
456 1392 511 1442 rer
543 1370 660 1455 aderat,
688 1376 793 1444 studio
827 1376 990 1444 seditionis
1025 1380 1209 1444 exclamant.
1247 1394 1303 1443 nec

170 1478 281 1544 mirari
314 1478 470 1563 quispiam
504 1472 597 1546 debet
629 1480 658 1546 si
690 1481 790 1563 plebs,
819 1479 919 1546 amica
948 1478 1100 1565 fallaciae,
1133 1481 1303 1547 ueritatem

137 1617 162 1657 10
170 1584 327 1667 protraxit
348 1582 382 1647 in
404 1583 523 1649 crimen
545 1583 774 1668 imperiumque
796 1582 951 1649 sidereum
968 1585 1000 1650 et
1017 1584 1162 1650 diuinam
1176 1586 1303 1651 rennuit

170 1685 373 1769 potestatem,
397 1704 475 1770 quae
497 1684 655 1752 creatoris
677 1688 803 1772 ingrata
826 1687 984 1771 suffragiis
1001 1686 1088 1754 lucos
1104 1688 1180 1753 olim
1196 1688 1303 1770 coluit,

172 1786 267 1855 idolis
290 1791 437 1856 obsecuta
457 1788 600 1856 seruinit.
637 1808 701 1857 unu
722 1793 836 1875 quippo
860 1790 1018 1857 dementia
1038 1809 1156 1875 parque
1178 1791 1304 1857 uidetur

120 1899 123 1905 '
173 1892 293 1959 insania
331 1890 410 1960 Baal
449 1894 663 1979 praeposuisse
705 1896 782 1960 tunc
821 1894 971 1972 Domino,
1009 1893 1176 1960 Barabban
1213 1912 1304 1977 prae-

172 1998 310 2079 posuisse
338 2013 423 2063 nunc
449 1993 584 2077 Christo,
614 1997 749 2082 dumque
775 1996 845 2081 pius
868 1996 1018 2064 occiditur
1040 1996 1217 2081 impiusque
1239 2016 1304 2062 ser-

137 2134 164 2177 15
173 2100 276 2183 natur,
309 2099 448 2166 iustitiae
482 2101 622 2167 mutauit
653 2101 739 2167 uiam
771 2116 877 2167 emaus
905 2100 939 2165 in
970 2100 1103 2183 utroque
1133 2100 1304 2166 sententie:

176 2204 284 2267 anaim
313 2204 425 2269 mortis
448 2204 614 2289 deputatus
635 2205 671 2270 ut
707 2205 839 2284 uiueret,
879 2204 986 2269 auctor
1018 2204 1105 2270 uitae
1137 2204 1305 2287 deputatus

174 2307 212 2371 ut
244 2304 354 2371 obiret.
391 2322 430 2371 ar
461 2308 519 2374 hoc
551 2308 649 2392 igitur
680 2307 797 2393 emoti,
823 2304 882 2389 'qui
910 2306 1058 2372 hactenus
1087 2308 1223 2373 manetis
1253 2307 1304 2373 in-

174 2407 241 2488 dui,
264 2408 425 2476 Christum
440 2429 496 2494 pro
521 2412 630 2477 mundi
648 2411 750 2478 salute
765 2428 893 2494 passum
909 2409 1006 2476 inisse
1021 2410 1085 2476 iem
1100 2410 1227 2490 credite,
1251 2410 1304 2493 qui

175 2510 284 2597 flagris
316 2516 408 2599 terga
439 2514 590 2596 suiectus,
630 2514 803 2600 obprobriis
836 2515 1010 2590 lacessitus,
1045 2531 1159 2597 poenas
1196 2531 1305 2579 omnes

139 2616 385 2699 complectitur,
409 2635 448 2683 ne
470 2618 569 2702 perire
590 2619 654 2684 suis
675 2618 798 2683 meritis
822 2619 935 2701 dignus
957 2618 1011 2684 nel
1032 2618 1115 2683 latro
1138 2617 1305 2683 sustineret

174 2717 316 2784 exitium.

218 2835 288 2905 Heu
311 2857 405 2922 quam
433 2842 525 2906 triste
553 2842 644 2907 falcis
667 2859 798 2907 acumen
821 2845 878 2919 est,
902 2858 981 2923 quae
1004 2854 1137 2903 messem
1160 2836 1306 2904 Iudaicae

228 3146 244 3199 1
264 3131 331 3215 “elidit
350 3146 384 3199 H
398 3151 427 3214 (”
448 3162 467 3200 a
483 3163 517 3200 m.
536 3149 566 3213 2)
670 3146 698 3198 in
725 3162 777 3201 oro.
804 3146 839 3201 H
937 3146 955 3199 2
978 3147 1095 3201 sortitus
1122 3163 1156 3203 ex
1182 3146 1306 3201 sordidus

175 3248 205 3304 Β
306 3248 423 3319 proddus
446 3248 481 3303 H
579 3250 721 3318 donante
741 3249 769 3303 Β
872 3248 1006 3305 culminus
1028 3251 1057 3306 P
1157 3252 1306 3321 prolapsus]

174 3368 223 3423 pro
242 3356 311 3407 erce.
330 3353 357 3407 in
381 3353 426 3418 Η,
455 3354 580 3421 lapsuro
682 3352 822 3422 discipulis
845 3354 872 3407 P
974 3354 991 3408 4
1014 3354 1097 3424 nunc]¹
1111 3354 1189 3409 modo
1206 3354 1242 3409 H

175 3456 217 3509 est
240 3470 291 3509 om.
314 3472 331 3511 o
431 3454 449 3510 5
472 3470 546 3513 ouon
568 3468 644 3511 nuru
663 3465 808 3511 ramum
825 3438 876 3511 st
898 3470 1050 3512 rnaannms
1073 3464 1195 3513 osorrun
1216 3456 1245 3514 Id
1266 3458 1309 3525 (ic

175 3574 225 3628 mp.
244 3557 300 3613 alib
318 3558 439 3625 auditur)
461 3555 496 3613 H
515 3558 657 3629 (auditur),
692 3558 800 3614 Christo
820 3560 945 3613 obiecisse
963 3552 1065 3614 Iudaeos
1083 3560 1155 3630 quod
1172 3576 1262 3631 regem
1279 3576 1307 3614 se

176 3661 381 3717 easedirerito
472 3663 634 3719 dmortiR
725 3663 880 3718 ‘dseseBo
966 3663 1119 3733 dquiaH,
1146 3644 1191 3733 om
1212 3668 1237 3717 B

175 3748 351 3804 manifestae
454 3742 488 3803 10
506 3750 668 3816 protraxerit
684 3737 713 3802 o'
800 3750 911 3803 crimine
929 3748 1008 3804 HBv
1113 3750 1146 3803 12
1163 3750 1307 3803 clementia

175 3821 213 3887 H'
304 3827 503 3888 13bahalHB
587 3832 735 3888 bmmbban
750 3836 775 3903 (r
788 3835 915 3902 arcuali
1001 3834 1144 3903 sedemque
1157 3842 1212 3901 (mo
1226 3844 1305 3893 eros.)

176 3915 211 3974 H
306 3919 340 3972 14
351 3919 450 3989 impius
462 3918 490 3973 Β
594 3920 626 3974 16
639 3919 797 3989 deputatus]
810 3924 852 3974 est
862 3926 976 3989 uroque
989 3918 1124 3975 locoudd.
1138 3911 1238 3977 Ludo.

178 4022 209 4075 17
234 4023 284 4092 cat]
309 4040 360 4077 osc.
383 4015 435 4078 Hc
538 4022 625 4092 igitur
649 4006 696 4107 qui
719 4022 747 4077 Β
850 4025 960 4077 aetenum
979 4024 1015 4077 H
1113 4018 1192 4077 infidi
1209 4034 1243 4077 err
1262 4022 1308 4076 -de

176 4123 218 4193 Β,
245 4126 275 4179 in
293 4125 379 4180 tideo
477 4124 511 4179 19
529 4131 594 4194 poet
611 4125 705 4194 flagris
721 4139 776 4181 roe.
795 4130 865 4182 e-5
882 4128 935 4182 litt.
953 4128 985 4181 ia
1003 4126 1037 4180 H
1130 4126 1218 4196 terga]
1238 4138 1306 4181 eros.

175 4213 209 4266 ic
226 4212 271 4278 H,
301 4224 387 4267 occu
489 4208 640 4281 obprobriis
658 4216 686 4281 (p
705 4230 740 4269 eu
758 4214 786 4280 b)
811 4212 840 4267 Β
941 4210 975 4267 22
998 4212 1185 4281 complectitur
1207 4213 1242 4267 H

176 4299 218 4353 aui
243 4296 270 4351 B
371 4296 405 4352 21
428 4298 541 4353 emirum
563 4296 599 4352 H
697 4300 731 4353 22
754 4296 786 4353 de
809 4298 943 4354 lanatiore
967 4314 1096 4353 manuum
1114 4294 1238 4355 Piiatic

177 4388 268 4439 distulit
289 4383 317 4437 Β
