3142 5034
272 410 338 477 320
745 408 928 481 appendix.

264 604 346 664 sicut
379 603 451 665 dicit
486 600 609 683 ‘Pascha
641 600 779 665 nostrum'
812 605 839 664 ·i·
870 602 1113 677 Christianorum,
1143 622 1202 668 uon
1231 605 1404 675 Iudaeorum

272 705 446 771 ‘immolatus
467 711 514 769 est
537 702 689 769 Obristns’.
718 706 768 769 Illi
790 706 936 769 habebant
952 708 1063 784 pascha
1080 708 1245 783 petrinum,
1267 726 1319 771 uos
1334 728 1405 771 uero

171 812 410 880 prardiuiuum.
441 812 510 871 Oum
532 811 605 871 dicit
626 828 703 872 cum
724 813 831 887 patre
853 814 890 871 et
913 812 1054 886 spiritu
1077 816 1201 894 saneto
1224 813 1406 873 demonstrat

270 932 319 979 eos
334 918 364 976 in
388 917 540 978 diuinitate
563 932 628 976 esee
644 915 790 994 mquam,
813 915 882 989 quia
896 914 1016 975 Arriani
1039 915 1171 976 dicebaut
1196 912 1302 990 ‘gretia
1323 916 1404 991 patri

271 1018 302 1079 in
324 1016 404 1092 lilio’,
426 1020 517 1080 filiurn
539 1018 677 1079 minorem
697 1020 781 1094 patre
803 1021 975 1083 asserentes.
1063 1066 1070 1073 .
1430 1033 1443 1072 s

643 1304 706 1389 IN
740 1302 965 1389 Llssnvlll
1001 1303 1028 1385 Ι.

174 1541 196 1573 v.
211 1532 262 1572 1-e
314 1508 523 1574 Paschales
545 1514 572 1573 ·i·
595 1512 760 1573 sollemnes.
793 1512 987 1587 Metephorice
1010 1511 1166 1586 alloquitur
1188 1512 1325 1574 lectorem
1348 1514 1404 1571 sub

270 1616 365 1691 specie
398 1618 535 1678 conuiuae
568 1616 698 1676 inuitans
733 1618 769 1675 ad
803 1614 939 1691 paschale
963 1632 1078 1675 carmon
1107 1614 1198 1676 ueluti
1227 1616 1263 1676 ad
1291 1633 1402 1675 cenam.

270 1720 427 1781 Pascheles
449 1722 534 1783 uocet
549 1720 638 1794 dapes
654 1720 797 1781 caelestia
811 1718 957 1795 mysteria.
996 1718 1200 1795 Dignatus,
1218 1719 1404 1794 perticipium

269 1840 321 1898 pro
345 1823 433 1885 uerbo
457 1825 484 1885 ·i·
507 1824 637 1897 dignare.
682 1822 915 1884 Accubitere
938 1823 1018 1897 dicit,
1043 1822 1111 1899 quia
1134 1822 1246 1897 antiqui
1269 1822 1443 1882 cubandum

268 1928 461 2003 prandebant.
499 1926 763 2002 Supercilium:
788 1927 885 1987 cilium
908 1925 1012 1985 dicitur
1034 1942 1102 2001 pars
1118 1925 1246 2000 corporis
1263 1926 1290 1984 ·i·
1306 1925 1403 2000 pellis,

269 2047 327 2105 que
343 2018 489 2107 'teguntur
505 2031 595 2103 oculi;
621 2026 735 2089 ‘cillere’
760 2029 859 2090 dicunt
874 2030 975 2091 Graeci
991 2047 1114 2104 mouere,
1132 2030 1200 2089 iude
1216 2028 1283 2089 cilia
1299 2028 1404 2089 dicuu-

269 2136 317 2191 tur
350 2152 368 2193 a
400 2137 551 2208 mouendo,
586 2134 662 2195 sicut
689 2134 846 2209 palpebrae
874 2150 892 2192 a
920 2134 1100 2208 palpitando.
1135 2133 1213 2195 Hinc
1246 2132 1406 2207 supercilia

271 2234 407 2297 dicuntur
428 2237 492 2312 pili,
515 2240 565 2314 qui
586 2238 783 2313 superminent
807 2236 907 2298 oculis.
934 2237 1054 2298 Ponitur
1076 2237 1125 2296 hio
1148 2236 1335 2311 supercilium
1350 2254 1404 2309 pro

271 2340 417 2414 superbia,
446 2357 518 2414 quae
547 2341 670 2402 maxime
693 2341 783 2402 oculis
807 2340 1042 2415 deprehenditur.
1088 2340 1183 2402 Pone
1205 2356 1256 2414 pro
1280 2340 1402 2412 depone,
1415 2362 1444 2403 rs

271 2446 301 2503 et
329 2446 374 2503 est
397 2445 573 2519 aphaeresis.
607 2444 670 2505 Hoo
697 2460 813 2505 carmen
843 2445 906 2505 ideo
936 2444 1073 2518 paschale
1104 2445 1198 2517 uocat,
1226 2442 1294 2518 quia
1321 2442 1404 2503 illius

270 2548 340 2623 agni
367 2547 446 2607 lacta
472 2550 582 2621 narrat,
612 2549 661 2622 qui
693 2544 808 2623 ‘pasche
837 2550 966 2609 nostrum
989 2547 1156 2607 immolatus
1179 2549 1225 2607 est
1247 2540 1401 2606 Christus’.

271 2649 484 2725 Cognosces
518 2651 546 2709 .i.
579 2649 749 2724 intellegas3
783 2651 863 2711 iuter
896 2667 1067 2725 cognoscere
1095 2653 1124 2709 et
1157 2666 1314 2725 agnoscere
1348 2650 1404 2709 hoc

271 2754 377 2816 distat:
401 2755 599 2828 cognoscimus
621 2772 692 2830 quos
716 2772 862 2830 nunqnam
886 2755 1020 2828 nitimur,
1050 2756 1234 2828 agnoscimus
1256 2771 1328 2830 quos
1343 2754 1403 2812 iam

271 2857 405 2917 uidimus.
449 2860 627 2932 Amicum,
650 2860 757 2919 amicus
781 2860 865 2933 quasi
889 2859 978 2920 animi
1001 2863 1098 2919 custos
1114 2858 1161 2919 nel
1178 2858 1269 2918 enimi
1283 2874 1446 2931 aequaeuo

271 2960 454 3035 Artificis
473 2962 498 3021 ·i·
515 2962 675 3022 artificalis.
707 2964 762 3021 Est
778 2965 873 3022 autem
891 2961 1040 3022 artificalis
1056 2963 1145 3022 codex
1158 2960 1319 3037 pompatico
1334 2976 1404 3019 oon·

270 3044 383 3140 positus
407 3066 563 3126 secularem
585 3069 711 3126 retinens
730 3066 935 3140 eloquentiam,
959 3063 1051 3125 diuini
1067 3067 1160 3125 autem
1183 3064 1252 3123 libri
1266 3064 1352 3123 undis
1374 3066 1406 3122 et

270 3167 451 3242 simplicibus
467 3171 601 3230 constant
615 3170 721 3230 uerbis.
739 3170 889 3229 Saoiare
904 3171 930 3230 ·i·
946 3172 1066 3243 replere,
1082 3186 1115 3229 ao
1128 3169 1155 3243 ei
1170 3168 1294 3227 diceret:
1309 3166 1405 3239 magis

272 3271 359 3330 debes
381 3273 486 3346 repleri
509 3273 572 3333 cibo
595 3271 723 3347 spiritali
746 3290 831 3347 quam
854 3273 1005 3347 corporali.
1034 3272 1119 3332 (libus
1136 3273 1180 3331 est
1195 3271 1290 3329 uictus
1306 3270 1404 3329 coctus

270 3374 334 3432 esui
357 3373 503 3433 homiuum
526 3375 638 3433 tantum
662 3376 756 3448 aptus,
783 3389 851 3432 nam
865 3372 1040 3446 reliquorum
1058 3369 1228 3431 animalium
1245 3366 1342 3430 crudis
1360 3372 1447 3433 estas

272 3475 375 3535 uictus.
410 3476 486 3535 Hinc
514 3479 543 3535 et
571 3478 647 3552 apuli
677 3476 803 3535 Graecos
831 3477 860 3535 et
888 3474 971 3536 homo
995 3476 1025 3533 et
1047 3474 1130 3535 cibus
1154 3472 1248 3533 brosis
1272 3472 1404 3541 uocatur,

272 3596 304 3639 ee
327 3578 404 3653 quod
433 3580 512 3640 solus
545 3580 577 3639 in
611 3578 785 3639 animalibus
807 3579 889 3639 cocto
913 3578 975 3637 cibo
998 3578 1107 3639 utatur.
1153 3575 1263 3637 (teuis
1287 3575 1314 3633 ·i·
1337 3590 1404 3634 car·

376 3799 390 3852 1
412 3795 446 3852 cf.
464 3796 478 3850 1
496 3795 556 3852 Cor.
574 3798 599 3862 5,
619 3797 633 3849 7

323 4005 475 4074 onrplioit
492 3992 569 4061 πῖ
583 4004 611 4057 r
631 3990 718 4068 <1105
736 3987 822 4057 mu
838 4018 859 4055 s.
878 4002 895 4055 r.
913 4016 947 4055 m.
961 4001 1006 4067 2),
1043 3999 1150 4067 expuere
1168 3994 1333 4065 nprsroua

273 4126 307 4182 ra
323 4098 419 4195 §inere
435 4127 476 4194 r,
504 4125 586 4180 111010
607 4125 635 4179 a
722 4111 772 4179 oia
788 4129 812 4191 (c
825 4138 859 4177 eu
871 4126 894 4188 a
913 4122 953 4185 n,
983 4108 1035 4174 ufir
1054 4120 1081 4173 n
1168 4117 1201 4171 14
1219 4114 1289 4170 ocur
1307 4114 1335 4169 a

274 4230 306 4284 15
325 4198 419 4284 oculos
443 4229 499 4283 AB
610 4228 643 4283 16
666 4228 784 4315 stioresis
805 4230 844 4288 A.
877 4209 1019 4310 efferentis
1037 4224 1064 4277 Β
1168 4220 1201 4275 17
1219 4217 1312 4273 narrat
1329 4198 1410 4271 [ὅσα

275 4349 301 4403 Β
403 4349 537 4417 20equus
556 4349 610 4402 AB
712 4347 849 4415 26prosis
868 4346 923 4400 AB
