3142 5034
305 410 369 476 324
555 481 562 496 ι
779 405 962 474 Appendix.

172 605 486 665 v.ss-10‹;eornieulata
507 606 554 663 est
568 606 598 663 iu
615 603 767 662 arescendo
786 595 1037 662 et⁰deerosoeuda
1076 599 1142 672 Qui
1164 600 1310 662 stellas.
1341 600 1434 675 Hygi-

304 724 359 767 nus
380 709 411 766 et
433 709 542 766 Aratus
565 706 705 778 astrologi
727 703 844 763 fuerunt
867 704 1008 777 lingentes
1031 719 1062 763 se
1077 705 1151 763 seire
1166 721 1317 763 numerum
1333 703 1435 762 stella-

304 830 376 888 rum,
388 811 441 871 sed
452 810 566 869 mentiti
578 810 655 869 sunt.
678 808 784 867 Nullus
797 810 874 867 enim
886 808 940 867 hoo
951 807 1008 866 soit
1019 806 1078 866 nisi
1090 807 1169 866 deus.
1194 807 1306 866 Potes
1317 808 1435 877 tates,

305 915 373 989 quia
402 915 541 987 quaedam
570 914 637 970 sunt
665 929 737 986 quae
767 911 952 972 dominantur
981 910 1081 984 oalori,
1111 909 1185 970 alias
1214 910 1327 984 frigori,
1363 911 1436 969 aliae

304 1017 533 1091 tempestatibus.
572 1016 730 1075 Diuersa
752 1016 790 1075 in
810 1032 974 1090 eorpora.
1006 1017 1115 1088 Corpus
1135 1014 1348 1087 auorruptione
1365 1013 1435 1072 dioi—
1456 1033 1468 1072 a

303 1123 362 1192 tm,
386 1120 453 1193 quia
475 1119 533 1178 aito
556 1116 663 1177 resolui
684 1118 777 1191 possit
799 1120 829 1175 et
851 1118 905 1176 hoo
923 1118 985 1176 loeo
1002 1133 1106 1190 eorpus
1123 1116 1257 1189 intellegi
1273 1115 1339 1176 uult
1353 1132 1436 1175 omne

305 1225 378 1296 quod
393 1224 419 1282 V
433 1221 566 1282 sensibus
580 1223 741 1295 percipitur
755 1220 801 1280 uel
817 1219 952 1295 quioquid
968 1222 1069 1281 dextra
1089 1222 1265 1295 procreatur.
1310 1220 1436 1294 Mysti-

305 1343 379 1385 ouru
410 1324 511 1384 Graeci
541 1323 642 1383 dieunt
672 1325 823 1396 secretum,
854 1325 929 1384 uude
960 1324 1082 1399 mystica
1111 1323 1246 1383 dieuutur
1273 1326 1386 1382 seereta
1408 1324 1437 1382 et

305 1428 470 1503 mysterium
493 1429 579 1499 atque
603 1426 766 1500 symmistes
781 1425 808 1483 i·
824 1427 1006 1486 secretarius.
1037 1426 1141 1501 Area,
1164 1443 1232 1484 area
1259 1427 1345 1502 diota,
1370 1426 1436 1499 quia

305 1548 377 1604 quae
400 1528 530 1589 eontinet
552 1528 634 1588 nobis
657 1543 761 1587 aroana
784 1529 853 1586 sunt
875 1529 901 1586 d·
918 1529 1042 1588 oeeulta.
1065 1528 1148 1588 Modo
1163 1529 1345 1604 allegorizet,
1363 1531 1468 1602 quadro

305 1633 451 1709 signifieat
479 1649 556 1693 area.
600 1631 807 1691 Diluuium.
842 1631 932 1707 Siout,
964 1632 1067 1711 inquit,
1092 1631 1141 1692 ille
1163 1634 1214 1707 qui
1229 1633 1262 1692 in
1277 1649 1344 1692 area
1359 1632 1436 1692 salui

304 1738 420 1797 fuerunt
449 1734 638 1794 morientibus
669 1733 747 1807 aliis,
779 1735 821 1794 ita
849 1751 927 1794 nune
949 1753 1002 1809 per
1023 1736 1209 1809 baptismum,
1233 1737 1263 1794 in
1286 1753 1342 1811 quo
1365 1736 1435 1795 fides

305 1844 422 1902 sanetae
436 1839 579 1899 trinitatis
595 1840 767 1910 continetur,
784 1839 938 1899 saluantur
949 1839 1050 1899 fideles
1067 1840 1097 1898 et
1108 1841 1282 1899 damnantur
1295 1839 1435 1898 infideles.

304 1945 379 2004 Nam
402 1943 540 2003 diluuium
564 1941 711 2015 signifieat
732 1945 893 2017 peceatum,
917 1959 991 2016 aqua
1011 1942 1113 2001 diluuii
1127 1941 1313 2016 baptismum.
1360 1943 1436 2001 (lal-

304 2049 369 2120 lis‚
398 2046 480 2107 oallis
502 2045 608 2105 dieitur
629 2062 647 2104 a
668 2046 742 2105 ealle
759 2046 785 2104 i·
802 2063 819 2104 a
834 2045 908 2105 ealle
930 2063 1075 2119 pecorum,
1099 2063 1155 2119 qua
1176 2048 1467 2121 peeoraperguut.1s

306 2150 445 2211 semita
467 2148 573 2207 dieitur
594 2149 679 2222 quasi
694 2147 780 2208 semis
796 2149 853 2208 uia.
878 2148 932 2208 Via
947 2149 1052 2209 dieitur
1067 2165 1084 2208 a
1099 2150 1229 2208 uehendo
1245 2150 1331 2223 quasi
1346 2151 1437 2210 uehea

305 2254 362 2327 uel,
385 2253 461 2312 siout
478 2250 661 2324 Augustinus
683 2251 764 2323 dieit,
789 2251 838 2309 uia
860 2251 964 2311 dieitur
979 2269 997 2310 a
1012 2253 1042 2312 ui
1065 2253 1178 2325 pedum,
1202 2257 1234 2313 eo
1257 2253 1333 2326 quod
1355 2253 1438 2329 pedi·

301 2358 358 2416 lius
381 2358 505 2415 teratur.
540 2354 612 2413 Sunt
627 2355 723 2412 autem
746 2354 809 2412 IIII
831 2371 938 2428 genera
952 2355 1064 2414 uiarum
1088 2357 1115 2414 ·i·
1136 2356 1227 2428 uallis,
1251 2355 1367 2436 semita,
1390 2357 1437 2415 uia

304 2463 333 2519 et
357 2461 450 2521 aetus.
484 2458 575 2516 Astus
598 2457 706 2516 dieitur
729 2457 777 2515 uia
799 2458 917 2531 publiea
938 2459 994 2518 duo
1017 2461 1154 2532 carpenta
1176 2459 1318 2534 resipiens
1340 2462 1368 2520 .i·
1383 2461 1437 2520 due

303 2564 446 2638 plaustra,
474 2578 562 2621 uuum
591 2564 718 2635 euntem,
752 2562 876 2620 alterum
904 2564 1079 2623 redeuntem.
1123 2562 1290 2637 Hiemps:
1325 2564 1468 2638 hiempsso

305 2668 410 2726 dieitur
431 2666 467 2724 ab
489 2664 673 2740 hemisperio,
697 2665 774 2739 quod
789 2667 834 2723 est
851 2664 969 2725 dimidia
984 2682 1051 2739 pars
1066 2682 1166 2739 sperae
1182 2666 1327 2729 caelestis.
1353 2667 1437 2726 Ver·

304 2787 395 2829 nare
417 2770 462 2830 est
483 2769 596 2840 florere,
626 2768 695 2827 hino
723 2767 841 2827 uernale
871 2770 983 2842 tempus
1007 2771 1137 2842 eoquod
1161 2772 1229 2828 tuno
1251 2769 1336 2830 floret
1358 2771 1436 2829 totus

304 2874 439 2933 mundus.
484 2873 683 2931 Patentem
712 2872 739 2929 ·i·
768 2872 907 2944 apertam,
933 2872 1079 2945 patentem
1102 2871 1206 2931 siluam
1227 2875 1314 2933 uoeat
1337 2873 1436 2934 multi·

304 2977 432 3037 tudinem
454 2973 669 3034 miraculorum.
708 2973 771 3032 Sid
782 2991 797 3034 e
810 2991 849 3033 ra
864 2990 881 3031 a
896 2973 1103 3034 considerando
1120 2974 1198 3035 dieta
1213 2975 1294 3035 uelut
1310 2995 1329 3036 a
1343 2977 1436 3036 sidero

305 3082 391 3141 uerbo
415 3079 442 3137 ·i·
466 3079 548 3148 mieo,
572 3079 646 3150 quod
666 3075 812 3150 signifieat
828 3093 935 3150 moueo,
960 3078 1028 3150 quia
1043 3077 1129 3138 simul
1144 3095 1208 3139 oum
1223 3082 1302 3139 eaelo
1318 3097 1468 3144 manen-as

305 3189 362 3244 tur,
404 3182 539 3242 Pectus
573 3179 600 3236 d·
634 3180 808 3252 pulmonem,
846 3180 881 3240 de
914 3182 1047 3255 pulmone
1080 3181 1159 3241 euim
1191 3198 1245 3242 uox
1278 3168 1435 3256 egreditur.

305 3285 487 3354 Bibulus,
522 3282 638 3341 bibulus
672 3282 779 3342 dieitur
812 3283 935 3343 multum
969 3285 1083 3345 bibens.
1122 3285 1192 3344 Post
1226 3285 1436 3346 inuocatiouem

305 3404 385 3446 suam
406 3386 479 3445 facit
500 3386 703 3446 narrationem.
748 3385 998 3459 (lhaos,'ehaos
1021 3386 1127 3448 dieitur
1148 3387 1346 3460 primordialis
1369 3405 1436 3448 con-

306 3489 390 3548 fusio.
427 3489 631 3550 Viuaaibus
655 3491 681 3548 ·i·
704 3491 752 3549 diu
775 3491 952 3551 uiuentibus.
991 3490 1085 3551 Viuax
1114 3491 1220 3550 dieitur
1241 3491 1366 3551 multum
1388 3493 1436 3566 qui

304 3592 387 3662 uiuit,
417 3591 484 3652 hine
513 3591 653 3666 Virgilius
686 3589 848 3652 ‘uiuaeis
876 3610 1013 3654 oornua
1040 3591 1162 3655 oerui'.
1205 3595 1381 3669 Abusque
1407 3597 1469 3661 etp

304 3696 432 3769 adusque
455 3711 506 3768 pro
531 3695 568 3754 ab
590 3697 620 3754 et
642 3696 822 3769 adponitur.
865 3696 1048 3769 Naturae,
1071 3696 1139 3771 quia
1154 3697 1298 3758 humanae
1313 3700 1437 3758 naturae

305 3800 349 3857 est
370 3801 403 3857 ut
425 3798 566 3858 meriatur·
588 3799 672 3858 homo
687 3800 734 3858 uel
750 3801 816 3872 post
832 3798 869 3858 dl·
888 3817 989 3861 annos.
1035 3801 1129 3860 Mors
1146 3804 1189 3860 ast
1205 3801 1331 3876 priuatio
1347 3802 1436 3875 uitae,

305 3901 410 3962 dieitur
438 3903 533 3962 autem
563 3918 639 3960 mors
668 3904 825 3963 seeundum
850 3903 1045 3977 Augustinum
1072 3923 1090 3964 a
1118 3922 1214 3964 morsu
1240 3905 1327 3965 uetiti
1348 3905 1435 3980 pomi.

405 4084 440 4137 ao
462 4060 675 4138 solonae

357 4254 495 4323 lYginus
512 4255 569 4309 AB
673 4255 706 4310 10
728 4254 844 4309 archana
867 4256 895 4310 A
998 4257 1029 4310 11
1049 4258 1144 4326 inquid
1162 4258 1216 4311 AB
1320 4259 1354 4314 20
1369 4260 1437 4326 fort.

306 4341 621 4396 eentum-redeuntum
