3142 5034
551 433 702 503 Remigii
723 435 904 503 expositio.
1229 437 1293 503 335

161 643 214 686 sno
237 626 362 700 baptism
381 629 421 688 te.
459 627 531 686 (iero
555 627 709 702 aliquando
725 645 776 703 pro
793 631 910 703 peooato
932 630 1082 702 arripitur,
1108 633 1136 690 et
1158 629 1290 694 Christus

160 730 309 802 peceatum
321 729 446 802 gessisse
458 727 573 802 dieitur,
587 747 650 790 oum
661 730 880 792 similitudinem
891 734 986 794 carnia
995 734 1022 792 ·i·
1032 733 1144 807 peceati
1154 735 1291 808 suscepit.

160 832 382 890 Torrentem
410 831 436 890 ·i·
469 834 634 892 surrentum
667 836 697 892 et
730 834 777 894 est
807 834 978 894 adieetiuum
1009 852 1110 896 nomen
1138 838 1167 894 et
1192 837 1317 899 fixumv·
1331 849 1434 892 lei—195

160 934 337 1009 Limpbas
371 934 472 996 Graaei
505 936 605 997 mount
638 937 783 1012 uimpbos,
815 956 867 998 nos
900 938 1035 1012 limphas,
1069 957 1136 999 nam
1162 940 1291 1000 eiusdem
1353 925 1358 939 ’

138 1037 286 1098 enominis
318 1040 388 1098 nota
420 1042 466 1100 est
498 1041 574 1114 apud
609 1039 730 1101 Graecos
760 1039 816 1112 -ii,
847 1040 929 1102 euius
958 1045 1004 1102 est
1026 1043 1065 1102 ir·
1090 1043 1165 1117 apud
1187 1060 1240 1103 nos
1263 1043 1289 1102 ·i·

160 1141 383 1216 qninquaginta.
426 1142 579 1201 Reflues
602 1143 629 1202 ·i·
652 1146 728 1203 retro
754 1145 895 1217 fluentem
922 1145 1066 1219 poetieam
1084 1149 1139 1208 est.
1173 1147 1291 1206 Paetum

161 1247 207 1302 est
229 1246 334 1322 antem,
363 1244 479 1319 quanio
508 1244 564 1305 iiiii
585 1246 676 1305 Israel
699 1246 880 1306 transierunt
906 1246 1058 1307 Iordanem
1079 1249 1231 1323 pergentes
1254 1248 1290 1307 ad

161 1349 270 1406 terram
292 1347 532 1422 repromissionis.
567 1349 647 1410 Tune
662 1349 747 1424 primi
763 1351 942 1409 transierunt
958 1352 1121 1410 saoerdotss
1136 1353 1164 1411 ot
1180 1351 1289 1420 statim,

161 1453 195 1510 ut
222 1469 298 1526 aqua
325 1453 399 1526 tegit
425 1453 515 1528 pedes
544 1469 653 1526 eorum,
682 1470 752 1526 pars
779 1454 922 1526 Iordanis,
952 1472 1024 1528 quae
1054 1457 1187 1516 deorsum
1216 1457 1288 1526 erat,

126 1555 239 1628 refugit
260 1557 287 1615 ·i·
309 1556 413 1616 recidit
439 1557 476 1623 iu!
497 1574 577 1617 mare
605 1559 766 1628 mortuum3
793 1557 845 1616 iila
873 1575 949 1630 uero,
977 1575 1050 1631 quae
1079 1575 1194 1618 sursum
1215 1563 1288 1631 erat,

161 1658 246 1720 stetit
280 1659 311 1717 in
340 1676 398 1718 una
429 1646 515 1720 mole.
547 1660 611 1719 Hoo
643 1660 749 1722 detulit
780 1663 867 1736 poeta
898 1663 935 1721 ai
965 1661 1141 1736 baptismum
1172 1661 1288 1724 domini.

161 1763 344 1822 Harenas:
366 1764 493 1822 harenae
516 1764 651 1823 dicuntur
674 1767 709 1823 ab
732 1764 878 1840 ariditate,
902 1767 1016 1839 quanio
1035 1765 1097 1826 sine
1113 1766 1288 1839 aspiratione

160 1864 333 1937 soribuntur,
356 1867 471 1940 qnando
493 1883 561 1927 uero
585 1885 649 1927 oum
673 1867 851 1941 aspiratione
874 1867 1008 1929 dicuntur
1028 1885 1059 1928 eo
1075 1870 1151 1943 quoi
1165 1870 1288 1930 herrant

160 1967 288 2030 iabrieis.
333 1970 480 2030 Honore
502 1971 529 2029 ·i·
552 1969 749 2033 honorabitur.
787 1971 845 2030 Iiia
867 1971 999 2031 columba
1014 2015 1281 2035 .....

124 2072 390 2132 reiiansuetum
419 2074 445 2132 ·i·
473 2073 696 2134 miserirordem.
744 2075 914 2134 Mansuetus
948 2073 1052 2134 dieitur
1086 2074 1169 2149 quasi
1202 2093 1288 2136 manu

160 2177 259 2235 suetus
274 2175 300 2234 .i·
316 2178 394 2250 pius.
438 2177 578 2238 Mitem:
603 2175 683 2236 mitis
705 2175 813 2236 dieitur
828 2177 911 2251 quasi
926 2179 1033 2250 mutus,
1049 2178 1099 2251 qui
1113 2195 1181 2252 prae
1198 2179 1287 2239 nimia

159 2278 322 2339 humilitate
349 2297 480 2340 sermone
510 2296 608 2341 carere
635 2283 763 2355 putetur.
803 2282 882 2343 Deus
911 2281 941 2340 in
970 2282 1133 2342 mansuetis
1161 2283 1285 2355 habitat,

159 2383 235 2442 sieut
256 2384 318 2456 ipse
341 2383 428 2442 dicit:
459 2384 549 2458 Super
571 2398 655 2457 quem
679 2383 842 2457 requiescet
864 2384 985 2459 spiritus
1007 2402 1098 2460 meus,
1120 2387 1180 2447 nisi
1202 2403 1287 2460 super

159 2484 296 2545 humilem
317 2487 346 2544 et
368 2485 496 2559 quietum
519 2489 550 2545 et
571 2488 741 2546 trementem
769 2489 858 2548 uerba
879 2504 951 2548 mea.
996 2487 1066 2548 Per
1088 2489 1285 2552 uolucrem.

122 2589 295 2649 eoVoiuores
317 2591 453 2650 beentur
475 2608 492 2648 a
513 2593 612 2651 erebro
634 2591 749 2664 uolatu3
773 2591 837 2651 ideo
860 2594 890 2652 in
906 2591 1037 2650 oniumba
1053 2592 1177 2666 Spiritus
1193 2609 1284 2667 appa·

158 2695 228 2766 ruit,
250 2697 284 2753 ut
305 2695 470 2754 ostenderet
485 2694 630 2753 Christum
653 2693 822 2768 simplioem
846 2697 876 2754 ot
891 2711 986 2754 eorum
1001 2696 1087 2754 ouria
1108 2697 1220 2770 replere
1234 2713 1284 2770 per

157 2797 372 2871 simplieitatem
405 2800 435 2858 et
466 2798 660 2858 innocentiam
688 2797 825 2871 diligunt.
862 2798 1007 2858 Probatur
1033 2799 1119 2857 Pater
1146 2801 1176 2858 in
1204 2817 1284 2881 uoce,

157 2901 282 2975 Spiritus
311 2902 428 2962 sanetus
455 2903 485 2961 in
514 2900 611 2974 speeie
633 2901 791 2973 columbae,
820 2899 914 2961 Filius
943 2901 974 2961 iu
997 2918 1119 2976 persona
1147 2903 1282 2982 bominis,

157 3003 209 3078 qui
235 3005 444 3079 baptizabatur.
483 3006 570 3064 Pater
597 3006 643 3064 ost
671 3003 722 3076 ibi,
753 3005 849 3064 Natus
875 3008 921 3064 est
943 3005 993 3078 ibi,
1019 3005 1144 3078 Spiritus
1166 3009 1282 3065 sanetus

120 3109 203 3168 asest
216 3107 267 3186 ibi,
290 3108 331 3167 ibi
346 3107 519 3168 Trinitatem
535 3108 583 3168 bio
598 3108 782 3168 demonstrat.
806 3107 854 3168 De
878 3111 982 3169 naute
999 3109 1024 3168 ·i·
1041 3111 1075 3167 de
1091 3110 1160 3168 duro
1176 3107 1281 3182 lapide.

158 3211 262 3271 Cautes
284 3221 314 3270 et
335 3213 413 3271 eotes
434 3211 510 3271 idem
533 3214 610 3272 suut.
647 3210 827 3286 Vipereis
843 3210 868 3268 ·i·
887 3211 1073 3286 serpentinis,
1096 3210 1283 3282 serenitatim

155 3315 257 3388 uipera
277 3314 383 3374 dieitur
405 3331 438 3373 eo
461 3314 537 3387 qnod
558 3314 590 3374 ui
612 3314 717 3388 pariat,
744 3317 823 3374 earet
846 3314 920 3373 enim
943 3314 1041 3385 umus,
1059 3314 1109 3374 sed
1124 3331 1172 3374 ore
1188 3316 1284 3375 oonsi-

155 3435 226 3492 pere
248 3419 349 3479 fertur.
383 3419 556 3478 Potestas
578 3435 604 3479 s.
628 3417 764 3492 angelica
785 3420 816 3477 et
843 3416 1053 3491 archangelica.
1091 3416 1154 3478 Neo
1182 3418 1284 3478 mirum

157 3521 184 3581 si
207 3523 348 3597 diabolus,
379 3522 429 3596 qui
457 3521 579 3596 spiritus
607 3524 663 3596 est,
693 3521 789 3595 potuit
821 3523 917 3581 omnia
939 3521 1148 3594 ragnemundi
1171 3522 1284 3581 Christo

120 3627 320 3699 arosteuiere,
342 3643 406 3686 oum
427 3627 530 3684 beatus
552 3624 725 3685 Benedictus
748 3624 780 3684 in
805 3640 921 3699 corpore
944 3624 1037 3684 adhue
1058 3625 1168 3699 positus
1190 3625 1285 3698 potuit

158 3730 286 3803 aspicere
300 3732 392 3790 totum
407 3731 552 3800 mundum,
576 3747 632 3788 non
655 3728 724 3803 quia
744 3729 869 3788 mundus
892 3727 1039 3787 breuiatus
1062 3727 1111 3799 sit,
1136 3727 1186 3787 sed
1201 3744 1283 3786 mens

156 3833 220 3891 eius
240 3850 292 3908 per
315 3833 566 3907 contemplationis
589 3834 633 3891 est
654 3833 779 3905 gratiam
802 3831 935 3892 dilatata.
972 3831 1040 3890 Ideo
1064 3831 1193 3890 diabolus
1215 3833 1281 3902 post

156 3935 330 4010 baptismum
363 3936 507 3996 dominum
540 3935 705 4011 temptauit,
738 3939 771 3994 ut
806 3935 973 3996 ostenderet
999 3951 1052 3993 uos
1085 3935 1155 3993 tuno
1188 3932 1283 3992 aerius

156 4040 303 4114 temptari,
326 4056 390 4099 oum
412 4058 445 4100 se
466 4041 597 4100 deserere
619 4042 648 4099 et
670 4037 789 4098 seruitio
812 4039 858 4100 dei
881 4037 988 4098 uiderit
1010 4035 1180 4112 diligentius
1210 4035 1282 4095 insi·

209 4294 242 4348 14
267 4293 390 4362 aequiter
412 4307 466 4349 roo.
491 4294 509 4346 5
530 4305 658 4348 oereaom
680 4292 712 4344 ire
729 4290 758 4343 A
860 4289 894 4343 34
921 4289 944 4346 ir
967 4277 1063 4344 '‘'uitio
1088 4289 1141 4358 (ser
1164 4303 1233 4342 om.
1251 4288 1281 4355 2)

154 4380 183 4434 A
