3142 5034
558 447 708 516 Remigii
731 447 911 515 expositio.
1236 442 1299 510 353

167 646 219 702 ton
241 659 341 702 meson
365 642 392 708 j.
414 642 445 701 in
467 644 542 701 bono
566 644 595 701 et
617 640 645 700 in
668 642 754 715 malo,
781 641 812 700 in
835 640 910 700 malo
927 640 1003 701 sicut
1019 642 1049 700 in
1065 642 1119 701 hoc
1134 657 1232 713 uersu,
1249 639 1298 698 nbi

166 747 200 805 bi
222 747 328 806 mundo
352 745 530 804 damnabiles
554 745 581 804 ·i·
605 745 662 817 rei3
686 745 718 804 in
740 748 814 804 bono
837 745 913 805 sicut
935 745 965 804 in
987 745 1121 819 sequenti
1135 761 1230 816 uersu,
1246 745 1296 803 ubi

166 867 233 909 reus
256 854 302 910 est
323 851 445 910 mundus
467 849 494 907 ·i·
518 849 659 909 obnoxius
682 851 712 908 et
735 850 858 922 debitor,
886 848 955 922 quia
977 848 1061 907 debet
1083 847 1128 908 illi
1151 849 1297 908 aeternam

166 952 344 1012 fidelitatem.
392 951 567 1012 conuicia
594 952 739 1012 auicinis
772 951 917 1024 dicuntur,
949 952 1018 1026 quia
1045 950 1133 1012 uicini
1162 952 1238 1010 inter
1268 969 1297 1010 se

143 1055 271 1130 sprobra
292 1059 414 1115 iactant.
461 1055 622 1129 colligit
640 1056 666 1113 ·i·
682 1057 836 1124 coadunat,
853 1054 925 1114 facit
940 1055 1142 1129 apostropham
1158 1054 1195 1112 ad
1210 1071 1296 1128 para-

167 1159 271 1219 disum.
294 1159 383 1219 Edem
406 1159 549 1229 hebraice,
573 1158 727 1231 paradisus
750 1174 864 1230 graeca
888 1157 989 1217 hortus
1004 1157 1102 1218 latins.
1147 1157 1296 1217 Violen-

166 1266 239 1322 tnm
257 1264 284 1323 ·i·
303 1281 354 1337 pro
378 1263 481 1337 grandi
503 1262 650 1321 uiolentia
673 1261 798 1320 Facinus
820 1263 870 1320 ton
884 1278 984 1320 meson
999 1262 1053 1337 est,
1076 1261 1152 1322 sicut
1167 1262 1196 1320 et
1211 1260 1295 1330 facio,

168 1383 185 1424 a
208 1381 263 1439 quo
287 1366 445 1428 deriuatur.
472 1364 635 1439 Aliquando
658 1365 734 1424 euim
756 1366 862 1423 bonum
884 1363 999 1424 facinus
1023 1364 1137 1425 dicitur.
1173 1365 1297 1424 Polum

166 1468 194 1525 ·i·
217 1467 336 1542 caelum,
363 1485 420 1528 nou
441 1471 554 1542 partem
576 1469 627 1528 sed
649 1471 742 1528 totum
764 1467 953 1542 nuncupauit,
970 1468 1038 1543 quia
1053 1467 1169 1541 eclipsis
1185 1470 1296 1541 partem

128 1594 156 1633 1o
165 1572 224 1644 poli
246 1573 335 1647 tenet,
359 1571 473 1647 quando
495 1570 530 1630 fit
551 1572 709 1632 secundum
737 1574 880 1631 naturam.
915 1571 971 1631 Sed
993 1574 1061 1630 tuuc
1083 1589 1143 1630 non
1165 1570 1221 1630 furit
1243 1587 1296 1630 na-

164 1673 281 1750 turalis,
304 1676 356 1734 sed
378 1675 502 1748 signum.
540 1674 579 1733 Et
601 1675 751 1734 sciendum
773 1676 842 1749 quia
865 1674 980 1749 eclipsis
1003 1673 1073 1734 solis
1096 1691 1242 1748 nunquam
1264 1673 1298 1731 fit

165 1777 225 1836 nisi
252 1777 283 1835 in
310 1777 460 1837 tricesima
487 1776 559 1834 luna
586 1779 632 1836 uel
660 1777 693 1835 in
715 1778 819 1851 prima,
853 1780 924 1836 tunc
952 1779 1057 1852 quarta
1086 1776 1194 1836 decima
1224 1778 1294 1838 erat.

162 1881 341 1956 Exequiis
364 1883 391 1940 ·i·
407 1878 555 1940 seruitiis:
579 1883 715 1954 exequiae
737 1881 880 1952 dicuntur,
904 1897 978 1956 quae
1001 1882 1136 1940 secuntur
1155 1880 1296 1939 cadauera

162 1985 346 2045 mortuorum.
391 1983 562 2043 Dolituit
584 1987 612 2045 ·i·
634 1985 794 2044 abscondit.
831 1986 858 2042 A
880 1985 956 2044 lateo
979 1984 1157 2058 componitur
1179 1984 1292 2043 doliteo.

126 2087 242 2148 nullon
263 2105 439 2148 mansura
461 2088 521 2147 diu
544 2107 574 2150 s·
597 2089 660 2162 ipsa
681 2089 730 2147 lux
753 2088 834 2162 solis,
858 2089 916 2148 nisi
938 2106 990 2163 per
1012 2092 1073 2148 tres
1095 2088 1192 2148 horas.
1224 2088 1294 2163 My-

163 2191 264 2250 stica
286 2192 312 2248 ·i·
328 2190 464 2264 figurata.
487 2193 544 2251 Per
560 2194 686 2267 spatium
707 2193 799 2251 trium
820 2193 956 2252 horarum
972 2191 1202 2266 significabatur,
1218 2193 1292 2265 quod

161 2293 258 2352 tribus
282 2294 384 2353 diebus
407 2295 515 2355 iaceret
536 2295 669 2356 dominns
692 2296 722 2354 in
745 2297 905 2370 sepulchro,
930 2298 1046 2355 asexta
1068 2295 1138 2354 hora
1152 2311 1243 2369 usque
1259 2296 1294 2352 ad

162 2413 279 2458 nonam.
303 2395 374 2456 Tres
390 2398 476 2458 horae
491 2402 569 2471 sunt,
587 2399 690 2473 quibus
705 2401 865 2460 occultatus
882 2401 927 2460 est
943 2399 996 2459 sol.
1013 2399 1140 2459 Verbum
1155 2401 1190 2459 de
1206 2400 1293 2460 uerbo

161 2499 326 2577 transtulit,
349 2517 414 2558 cum
430 2500 502 2560 dixit
517 2501 647 2576 mystica,
672 2505 793 2563 secreta.
824 2503 966 2577 Mystioon
982 2502 1059 2562 enirn
1076 2501 1178 2561 Graeci
1193 2503 1294 2563 dicunt

126 2604 313 2667 maceratum.
330 2603 405 2662 Nec
419 2604 536 2662 tellus
552 2605 634 2665 sine
651 2605 753 2664 clade
767 2605 843 2663 fuit
858 2606 885 2663 ·i·
902 2605 966 2665 sins
983 2606 1095 2665 damno.
1111 2607 1194 2666 ldodo
1211 2607 1290 2676 dicit,

163 2705 302 2778 quomodo
324 2707 469 2766 condoluit
483 2709 572 2777 terra,
595 2707 665 2781 quia
679 2708 737 2766 iam
753 2708 862 2766 dictum
878 2709 966 2767 habet
981 2710 1015 2768 de
1031 2710 1121 2769 caelo.
1161 2710 1231 2783 Sup
1241 2727 1291 2769 re-

160 2824 253 2866 mum
275 2809 302 2866 i·
325 2809 469 2871 ultimum.
505 2809 662 2882 suppremo
690 2826 742 2882 per
769 2809 824 2868 duo
853 2826 908 2882 -pp
938 2809 1084 2883 significat
1106 2810 1239 2871 ultimum
1262 2816 1292 2871 ot

160 2912 244 2971 uenit
254 2929 272 2970 a
284 2913 373 2972 uerbo
389 2914 546 2990 supprimo,
563 2913 613 2971 sed
629 2911 743 2972 hicnon
755 2913 852 2987 potuit
863 2914 979 2988 proptor
990 2915 1122 2988 metrum,
1140 2931 1291 2988 supremus

159 3029 229 3073 uero
250 3031 302 3089 per
323 3032 411 3075 unum
434 3033 471 3090 ·p·
495 3031 637 3074 summum
659 3017 742 3075 deum
757 3015 916 3090 significat.
960 3018 1063 3092 Apex
1077 3018 1104 3077 ·i·
1128 3016 1292 3077 sublimitas

124 3117 279 3182 asOlrristi.
325 3120 568 3179 succumbere
589 3120 617 3179 ·i·
639 3119 773 3180 deorsum
795 3122 905 3195 cadere,
928 3121 1033 3195 putans
1051 3137 1083 3179 s·
1098 3137 1162 3180 oum
1177 3121 1291 3180 auctore

160 3237 213 3279 suo
235 3223 272 3280 ad
293 3220 440 3282 infernum
467 3221 648 3282 descendere.
692 3222 817 3296 Vagus
840 3221 1046 3284 insolabiles.
1090 3223 1249 3284 Perdita
1265 3225 1291 3282 ·i·

160 3341 252 3398 genus
273 3324 438 3387 humanum.
473 3325 737 3386 Consistentia
758 3325 785 3384 ·i·
808 3327 954 3386 manentia
977 3325 1164 3387 amundus.
1200 3327 1291 3386 Pon-

160 3427 288 3486 niculo
312 3428 339 3486 ·i·
362 3428 508 3503 spongiae,
539 3446 625 3503 quam
654 3429 901 3490 circumdederunt
923 3430 1032 3505 hysopo
1055 3447 1118 3490 oum
1140 3430 1290 3490 mundius.

160 3529 399 3591 Mannaribus
422 3532 449 3589 .i·
471 3533 506 3590 de
534 3532 629 3591 scorto
658 3531 745 3594 natis.
785 3533 855 3592 Ideo
882 3531 987 3592 Iudeos
1015 3534 1050 3592 de
1082 3535 1177 3594 scorto
1207 3537 1290 3593 natos

122 3631 240 3706 „dicit
274 3635 341 3707 quia
374 3633 469 3693 uirum
497 3635 609 3695 animae
637 3652 706 3695 suae
729 3635 756 3693 .i·
779 3635 925 3696 Christum
954 3637 1120 3698 deserentes
1142 3638 1289 3698 Barraban

159 3733 301 3795 latronem
324 3739 407 3810 quasi
431 3737 593 3797 adulterum
615 3738 747 3812 eligendo
769 3739 863 3800 secuti
885 3740 961 3798 sunt.
1006 3738 1160 3799 Acetum
1182 3755 1216 3800 ox
1238 3757 1288 3814 op·

158 3837 230 3896 timo
251 3842 318 3901 uino
344 3841 378 3901 lit
407 3846 436 3902 et
467 3842 575 3902 dicitur
604 3843 685 3925 quasi
719 3843 832 3902 acidum
854 3843 880 3902 ·i·
904 3843 1050 3902 acerbum.
1087 3843 1134 3902 Ita
1156 3844 1186 3902 et
1207 3843 1289 3902 Indoi

159 3942 195 3999 de
208 3944 342 4016 patribus
359 3946 387 4003 ·i·
403 3947 437 4004 de
452 3945 623 4019 patriarchis
638 3947 701 4006 nati
717 3948 796 4006 sunt.
832 3945 970 4006 Odiosa
992 3962 1156 4020 propago
1180 3947 1206 4005 ·i·
1231 3947 1288 4006 ini·

158 4044 233 4104 mica
254 4048 412 4121 generatio.
441 4050 539 4108 Bonus
561 4047 693 4109 Christus
714 4047 821 4108 dicitur
844 4066 861 4108 a
882 4065 996 4122 graeco,
1020 4050 1096 4123 quod
1118 4053 1162 4110 est
1184 4051 1238 4110 boo
1261 4050 1289 4108 ·i·

211 4241 246 4335 ra
267 4247 387 4378 mirem
405 4299 424 4336 a
440 4298 475 4336 m.
494 4283 524 4350 a)
541 4283 568 4336 Α
652 4248 750 4337 amri
773 4283 818 4348 (ns
841 4301 860 4338 a
878 4300 913 4338 m.
931 4285 961 4349 2)
979 4285 1008 4338 a
1092 4285 1124 4338 rs
1142 4283 1287 4337 misticum

158 4385 186 4438 A
289 4385 590 4455 fflxbcmaed

209 4488 243 4544 x.
1150 4489 1185 4544 aa
