3142 5034
523 403 674 459 Paschal
699 402 820 473 Operis
843 404 912 457 Lib.
931 404 969 459 II.
1249 404 1312 469 207

181 600 278 663 tatur.
317 596 494 661 declaratur
510 598 543 659 et
560 596 648 661 aliud
662 594 698 659 iu
711 596 769 661 hac
784 614 947 679 magorum
963 612 1093 677 persona
1109 594 1310 677 mysterium:

180 718 235 779 per
263 698 335 763 illue
368 717 501 782 namque
531 700 663 783 gentiles
693 703 726 763 et
755 700 891 764 aduenas
914 698 953 763 ed
980 716 1012 763 se
1036 696 1188 762 Dominus
1206 702 1311 763 noster

180 802 267 867 Iesus
292 800 436 867 Christus
466 803 621 885 ingressus
643 804 781 886 gratiam
804 803 928 867 futurae
955 801 1035 885 legis
1058 801 1207 877 ostendit,
1230 802 1313 883 quod

181 907 324 971 omnibus
354 909 394 971 ad
423 924 456 970 se
484 906 632 987 gentibus
663 906 809 971 ueniendi
839 906 962 971 aditum
991 905 1055 971 iam
1090 903 1218 987 pararit.
1266 904 1314 969 ita
1355 940 1360 951 ·

157 1011 263 1075 eenim
288 1011 319 1073 et
340 1028 395 1091 per
417 1009 584 1091 prophetae
605 1026 678 1073 suos
700 1011 732 1072 et
754 1028 809 1092 per
830 1028 862 1074 se
884 1010 988 1091 ipsum
1009 1009 1149 1073 noscitur
1164 1006 1313 1071 elocutu'e.

181 1131 237 1195 per
266 1112 432 1196 prophetas
462 1113 591 1196 quidem
617 1114 693 1177 licet
715 1114 839 1194 saepius
862 1112 925 1177 ista
945 1111 1145 1194 praedixerit,
1168 1110 1314 1177 Dauidica

181 1221 287 1281 tumen
315 1216 493 1281 testimonio
523 1216 569 1282 sic
597 1217 792 1298 explanarit:
817 1215 1008 1281 Dominus
1039 1214 1145 1279 dixit
1175 1217 1219 1279 ad
1242 1232 1312 1279 mc:

181 1318 310 1381 Filius
342 1337 448 1384 meus
481 1340 520 1385 es
541 1323 600 1397 tn,
635 1338 703 1403 ego
733 1321 850 1385 hodie
880 1318 998 1403 genui
1028 1322 1076 1385 tc.
1113 1319 1315 1402 postulaa

182 1442 253 1500 mc,
283 1427 321 1486 et
350 1422 448 1488 dabc
466 1422 545 1488 tibi
564 1427 703 1508 gentes
732 1423 997 1487 hereditatem
1025 1422 1133 1487 ‘tuam
1163 1426 1199 1486 et
1231 1439 1313 1503 pos-

147 1524 400 1591 nsessicnem
437 1529 544 1591 tuam
580 1526 771 1590 terminos
809 1530 949 1590 terrae·
993 1523 1170 1589 mirabilem
1207 1527 1315 1607 gentes

182 1628 391 1693 hereditatem
413 1629 502 1708 dixit,
533 1628 607 1711 quia
635 1647 690 1710 per
718 1629 792 1693 noui
813 1629 949 1711 gretiam
978 1628 1160 1693 testamenti
1182 1627 1316 1693 Domino

183 1734 352 1813 parabatur
385 1732 517 1815 adquiri.
554 1753 610 1816 per
639 1752 673 1799 se
705 1738 810 1797 eutem
839 1732 944 1814 ipsum
976 1732 1011 1796 in
1034 1730 1194 1814 euangelio
1230 1734 1314 1795 tam·

184 1853 279 1916 quam
312 1836 411 1901 bonus
444 1841 551 1919 pastor
588 1838 634 1901 ita
663 1837 822 1920 premisit:
854 1840 892 1901 et
922 1836 1021 1901 aliae
1051 1853 1141 1900 oues
1173 1834 1314 1909 habeo,

184 1956 281 2021 quae
315 1957 390 2004 non
422 1945 516 2004 sunt
549 1941 686 2005 exhcc
718 1940 831 2005 uuili.
869 1942 906 2004 et
940 1939 1035 2004 illas
1062 1941 1224 2020 oportet
1257 1956 1314 2001 me

149 2044 375 2107 readducere
412 2048 450 2109 et
486 2061 621 2109 uocem
657 2062 777 2109 meam
810 2043 978 2108 audient
1012 2043 1050 2106 et
1082 2041 1161 2105 fiet
1196 2059 1315 2105 unum

184 2145 291 2210 uuile
319 2149 356 2211 et
377 2166 478 2213 unus
507 2151 654 2230 pastor.
698 2166 755 2212 nec
784 2146 983 2211 deuotionem
1013 2162 1178 2211 munerum
1208 2142 1314 2209 diuino

185 2247 322 2312 munisse
351 2254 433 2314 nutu
463 2251 634 2316 credamus.
672 2270 745 2315 num
767 2268 822 2332 per
844 2250 916 2313 illas
938 2251 1055 2330 species
1078 2246 1189 2313 merito
1211 2246 1315 2311 uariae
1366 2308 1371 2319 ,

185 2350 422 2433 significationis
443 2353 566 2419 oblatae
589 2352 707 2419 Christi
729 2354 870 2437 putentis
884 2351 989 2435 patuit
1003 2351 1167 2416 declarate.
1203 2369 1316 2415 eurum

185 2472 317 2537 namque
347 2456 528 2540 diligentius
557 2456 753 2540 inquiramus
783 2456 858 2539 qnid
887 2455 1066 2539 pronuntiet
1097 2453 1315 2521 adtributum?

148 2559 250 2623 resine
288 2559 382 2624 dubio
420 2565 486 2625 tarn
524 2562 685 2643 praeclara
721 2562 869 2626 materies
906 2562 940 2625 et
976 2558 1137 2641 opulentia
1163 2556 1314 2623 metallici

289 2770 304 2823 7
323 2770 533 2835 Peumata.
637 2772 670 2827 13
687 2771 745 2826 Icin
765 2772 806 2839 10,
826 2772 859 2827 16

239 2968 459 3035 relictusne,
488 2968 545 3022 aliu
562 2969 580 3022 d
597 2968 642 3022 H’
658 2967 715 3033 fuit
733 2968 786 3021 aliu
878 2966 1034 3021 duenlenti
1051 2966 1116 3031 PH,
1145 2966 1316 3021 uenientibus

186 3102 204 3141 u
300 3088 418 3141 aeditum
435 3093 465 3151 (n
482 3093 564 3153 eras.)
582 3088 611 3144 R
707 3060 816 3170 pareret
832 3086 861 3143 R
964 3086 1045 3153 sper
1062 3102 1112 3140 om.
1132 3087 1167 3141 H
1179 3086 1248 3142 Pur.

187 3192 215 3242 et
232 3205 260 3244 se
277 3190 366 3257 ipenm
385 3190 441 3245 Col.
545 3191 651 3245 locutus
674 3191 727 3245 Hc
830 3188 1027 3259 6praedixerit
1043 3190 1132 3245 PBH
1145 3190 1213 3245 Pae.
1233 3190 1314 3254 Gall,

187 3285 353 3353 praedixerat
378 3286 437 3340 reli.
464 3287 503 3341 ed.
608 3286 725 3341 dauiuce
742 3308 809 3339 m*
837 3288 938 3353 (tumen
960 3288 1039 3351 cras.)
1066 3285 1094 3340 P
1195 3285 1317 3339 lteeti-

65 3440 72 3456 ,
187 3378 567 3493 ωοιιὶᾇςεὶοΡοοτν.ηι.2
670 3404 863 3476 plenaritPR
968 3390 1133 3495 drrsdnsP
1232 3400 1318 3475 Spu-⁴

188 3526 257 3579 san
280 3527 315 3580 H
413 3526 430 3581 e
453 3527 678 3582 es-mnannem
701 3543 752 3582 oen
769 3543 799 3593 e,
824 3528 883 3594 sere
906 3542 975 3581 erae.
993 3527 1025 3581 ra
1049 3526 1084 3581 Η
1183 3498 1271 3612 geiste
1294 3526 1323 3579 P

189 3661 257 3703 corr.
276 3649 349 3701 m.2
453 3648 487 3711 10
510 3636 646 3733 mimblida
668 3648 701 3712 P,
730 3645 917 3720 mirabilesit¹
1020 3647 1052 3701 11
1076 3618 1318 3715 que-parabatur

189 3749 217 3803 R
232 3764 302 3805 cour.
320 3767 355 3804 m.
371 3753 407 3813 2,
435 3749 690 3820 qui-parabantur
705 3768 723 3805 u
819 3751 852 3803 12
874 3748 1037 3819 parabantur
1047 3750 1083 3818 (l)
1107 3750 1135 3804 P
1226 3764 1254 3801 se
1271 3753 1319 3801 aut

189 3846 276 3912 ipsum
301 3843 355 3899 PB
456 3844 544 3913 ipsum
569 3846 660 3899 autern
687 3845 722 3899 H
820 3848 912 3899 autem
934 3860 985 3899 crta
1009 3862 1026 3901 u
1129 3845 1163 3898 14
1188 3841 1319 3897 hocccuili

189 3965 217 4019 P
320 3931 443 4048 cuil÷1i
464 3981 535 4021 corr.
557 3969 631 4020 aad
716 3965 872 4019 meddnccre
889 3966 924 4021 H
1009 3966 1042 4020 15
1059 3937 1174 4047 audismt
1200 3963 1229 4017 P
1248 3978 1318 4018 corr.

189 4088 262 4140 ece
366 4087 400 4141 rc
422 4058 484 4141 niis
507 4088 536 4142 P
555 4102 625 4143 corr.
645 4088 719 4141 eea
823 4088 856 4141 re
880 4087 999 4142 concreta
1023 4087 1051 4139 P
1152 4084 1185 4139 re
1209 4086 1233 4137 ss
1256 4084 1319 4137 crn-

190 4206 299 4275 gentiue
316 4224 334 4261 u
428 4172 563 4276 pronmfec
580 4207 743 4261 attributum
763 4207 799 4261 H
812 4222 883 4262 corr.
901 4209 974 4262 na2
1075 4206 1110 4261 20
1128 4205 1208 4260 dubie
1225 4206 1253 4260 P

190 4312 247 4362 tam
269 4324 318 4363 cun.
337 4310 373 4364 H
471 4296 624 4398 opulentant
643 4311 688 4375 H,
722 4309 883 4378 opulentae
