3142 5034
502 399 661 470 Epistola
678 398 717 454 ed
733 397 974 454 Macedonium.
1283 399 1304 465 5

177 592 311 656 metrica
333 591 486 656 noluerim
502 589 578 654 baec
591 587 712 653 ratione
728 605 906 670 conponere,
926 605 989 653 non
1007 586 1149 653 differam
1164 586 1305 652 breuiter

177 697 329 780 expedire.
375 712 460 772 raro,
497 696 585 776 pater
618 692 748 775 optime,
785 692 868 757 siout
901 693 1007 757 uestra
1039 709 1159 775 quoque
1191 692 1306 774 peritia

177 798 324 865 lectionis
340 797 528 864 adsiduitate
544 795 712 878 cognoscit,
736 795 861 860 diuinae
892 813 1023 860 munera
1043 793 1208 878 potestatis
1230 794 1305 859 stilo

176 903 343 986 quisquam
373 901 466 966 huius
500 899 721 965 modulationis
756 899 893 982 aptauit,
931 899 963 964 et
994 898 1087 963 multi
1121 900 1195 963 sunt
1229 916 1305 982 quos

154 1006 353 1072 sstudiorum
381 1003 588 1068 saccularium
617 1000 782 1084 disciplina
809 1020 864 1084 per
892 1002 1028 1083 poeticas
1056 1003 1156 1085 magis
1178 1001 1306 1066 delicias

174 1111 207 1176 et
244 1110 417 1175 carminum
454 1109 632 1190 uoluptates
670 1106 814 1173 oblectat.
868 1106 902 1170 bi
938 1105 1087 1190 quicquid
1130 1105 1307 1171 rhetoricae

175 1213 338 1278 facundiae
359 1211 534 1294 perlegunt,
563 1210 779 1295 neglegentius
803 1208 1024 1294 adsequuntur,
1054 1211 1203 1293 quoniam
1224 1211 1306 1276 illud

175 1315 261 1381 haud
294 1314 445 1400 diligunt:
483 1314 564 1398 quod
597 1318 705 1379 antem
739 1331 888 1378 uersuum
920 1313 1057 1379 uiderint
1090 1312 1306 1380 blandimento

175 1419 356 1497 mollitum,
401 1418 491 1482 tanta
527 1416 629 1482 cordis
666 1415 818 1482 auiditate
856 1416 1053 1500 suscipiunt,
1090 1420 1128 1482 nt
1170 1419 1203 1482 in
1241 1418 1307 1483 alta

143 1521 327 1587 nomemorie
349 1520 470 1603 saepius
492 1520 568 1584 haec
590 1520 731 1584 iterando
755 1519 947 1584 constituent
962 1521 993 1584 et
1008 1523 1168 1604 reponant.
1195 1522 1307 1586 borum

175 1625 284 1706 itaque
306 1643 408 1689 mores
430 1642 491 1689 non
513 1621 718 1707 repudiandos
742 1625 873 1689 aestimo
899 1626 953 1690 sed
980 1643 1035 1708 pro
1063 1626 1157 1691 insita
1180 1644 1306 1692 consue-

176 1728 288 1793 tudine
318 1728 369 1792 uel
398 1728 510 1792 natura
537 1727 725 1806 tractandos,
755 1727 951 1810 utquisque
980 1746 1036 1793 sno
1059 1730 1160 1812 magis
1182 1729 1307 1814 ingenio

177 1831 376 1896 uoluntarius
410 1830 590 1914 adquiratur
612 1831 687 1896 Deo.
725 1849 782 1895 nec
817 1830 924 1896 differt
953 1850 1014 1914 qna
1044 1833 1113 1915 quis
1145 1833 1307 1900 occasione

176 1933 326 1999 inbuatur
349 1935 388 1999 ad
410 1933 514 2011 fidem,
550 1934 625 1998 dnm
647 1933 863 1999 tamensium
886 1933 1042 2000 libertatis
1064 1935 1223 2020 ingressus
1245 1954 1307 2002 non

228 2224 312 2278 lhoo
327 2222 358 2287 V,
386 2223 551 2279 bacPoelm.
640 2222 703 2277 baec
716 2223 847 2277 noluerim
860 2222 988 2278 Ernst
1071 2230 1134 2292 post
1151 2232 1308 2282 nonnosi

174 2344 254 2398 uerbi
270 2345 303 2398 aba
320 2343 353 2398 K
435 2317 558 2399 deffercm
575 2349 603 2400 A
696 2344 818 2399 differam
836 2344 955 2399 breuiter
973 2345 1093 2414 expedire
1110 2346 1308 2404 AOEHKOP

175 2449 201 2498 Y
211 2447 351 2516 (explicare
363 2450 398 2516 Y)
412 2448 436 2515 b,
463 2448 582 2504 breuiter
593 2447 714 2518 expedire
726 2465 752 2502 n.
766 2450 793 2503 d.
805 2445 956 2506 KDFGR
1044 2449 1060 2504 2
1072 2451 1308 2506 sicut-adsidui·

174 2536 232 2587 tate
250 2534 283 2588 in
294 2533 421 2604 mqadd.
439 2535 480 2590 a*
566 2539 615 2591 tna
632 2552 717 2592 naua
736 2536 811 2591 editt.
902 2536 1125 2592 desiduitated
1208 2553 1307 2607 cogno·

174 2620 218 2673 uit
235 2619 321 2675 AGP
335 2621 433 2690 Redi
450 2622 486 2688 b¹,
507 2622 636 2691 ¹agnouit
662 2622 703 2677 K¹
734 2622 861 2691 cognouit
887 2639 957 2678 corr.
985 2627 1055 2678 Μ
1163 2625 1256 2694 diuina
1273 2642 1309 2679 ex

175 2705 268 2759 diuino
296 2705 324 2762 R
399 2722 543 2778 *munere
569 2707 608 2761 E¹
722 2708 832 2777 pietatis
859 2708 961 2763 Poelm.
1074 2709 1308 2766 4modolationis

174 2791 203 2845 A
306 2791 353 2860 qui
376 2791 417 2846 K¹
440 2808 509 2853 corr.
528 2797 600 2848 m.2
705 2794 921 2848 desecularium
944 2795 1095 2850 studiorum
1123 2797 1150 2851 V
1250 2798 1307 2867 per]

176 2877 210 2930 ad
233 2878 261 2931 A
364 2877 469 2933 diliciae
486 2879 588 2934 AM
686 2879 880 2934 6noluntetos
899 2880 927 2934 P
1028 2880 1165 2936 oblectant
1187 2883 1230 2949 K,
1263 2885 1307 2938 de·

175 2960 294 3032 leetatd
396 2963 438 3017 hii
454 2965 496 3030 A,
525 2962 555 3017 hi
572 2979 677 3034 qnoque
695 2965 798 3020 Poelna
902 2967 1024 3034 quoquc
1046 2966 1075 3020 P
1176 2968 1309 3039 rethorice

171 3049 300 3117 plenium
409 3049 589 3119 iperlegent
615 3050 681 3108 Ald.
783 3051 987 3121 neglegentius
1012 3053 1040 3106 A
1148 3054 1309 3110 adsecuntur

176 3169 319 3234 uncos,
351 3144 515 3239 lullus
533 3170 569 3225 u
667 3171 785 3226 senous
802 3173 838 3236 A,
864 3154 923 3226 'aut
940 3172 969 3226 P
1070 3174 1196 3244 uuegunu
1212 3177 1240 3230 A

176 3268 304 3310 domuum
321 3255 349 3308 A
442 3254 627 3311 blandimento
645 3256 763 3311 uiderint
781 3257 835 3311 AY
927 3259 1054 3312 9totac
1144 3263 1309 3318 adsiduitate

176 3340 205 3393 A
307 3342 349 3410 ut]
368 3343 427 3396 etc
530 3342 563 3397 10
580 3343 600 3396 li
620 3344 660 3410 A,
690 3344 756 3398 baec
777 3339 1012 3416 Mimanta,
1039 3346 1090 3401 hoc
1106 3349 1164 3403 rell.
1269 3352 1307 3421 et]

178 3474 208 3514 ac
226 3460 251 3510 Τ
343 3465 475 3530 reponunt
491 3462 519 3518 R
613 3464 785 3518 constituunt
803 3467 831 3518 et
848 3436 1012 3536 reponsrnto
1107 3484 1197 3522 eorum
1218 3472 1244 3524 V

179 3563 211 3616 11
233 3564 409 3634 repudiandos
433 3566 504 3632 ΑΗ,
533 3582 554 3621 r.
573 3581 628 3620 asse
646 3567 711 3638 Ray.
726 3573 755 3634 1,
788 3569 948 3638 respuendos
971 3569 988 3639 β
1091 3572 1125 3626 12
1147 3539 1235 3642 quisuis
1262 3569 1307 3638 Β,

177 3649 298 3719 quisquis
322 3667 342 3704 u
443 3652 532 3720 magis
554 3668 601 3706 suo
625 3652 691 3724 adq
795 3654 827 3708 13
850 3655 1029 3726 uoluntarius]
1054 3673 1075 3711 e.
1094 3658 1111 3712 l.
1129 3659 1226 3724 ΕΓΒ,
1256 3677 1309 3715 aa·

178 3737 270 3790 duaa.
293 3736 359 3792 dell.
377 3738 485 3805 Arata,
513 3754 563 3792 om.
581 3738 652 3794 Aba.
671 3739 737 3794 Ald.
829 3741 1000 3795 uoluntarius
1018 3743 1141 3813 magded
1226 3745 1307 3800 adeo

178 3837 205 3875 m
312 3821 399 3878 defert
421 3825 448 3878 A
556 3839 609 3892 qua
634 3827 694 3893 quis
718 3826 854 3880 occasione
876 3825 933 3882 DR
955 3828 1310 3899 Rea.a.snA1m.,qua

179 3942 290 4011 quisque
307 3958 331 3996 o.
355 3943 388 4009 0,
418 3943 480 4012 quis
498 3958 550 4012 qua
567 3959 621 4030 oua
638 3944 699 4031 onis
718 3959 741 3999 ο.
766 3944 802 4009 F,
832 3918 972 4014 quidone
989 3961 1012 4000 o.
1033 3946 1072 4011 G,
1104 3921 1160 4015 qua
1175 3947 1309 4001 occasione

178 4027 239 4122 fluis
257 4052 290 4106 K
306 4057 403 4118 (eum.
416 4055 454 4120 2),
484 4053 767 4123 quaooeesioneqnis
785 4055 995 4125 HRe9.1cd,
1024 4057 1166 4124 quisquam
1183 4054 1308 4126 qualibet

180 4153 204 4192 o.
226 4138 262 4204 O,
293 4138 412 4225 qualib&
434 4140 494 4207 quis
517 4154 541 4192 o.
565 4139 604 4206 P,
633 4155 687 4209 qna
711 4156 735 4198 o.
758 4142 845 4210 qnisq3
869 4141 897 4206 b,
930 4157 982 4210 qna
1009 4143 1151 4210 qusquam
1175 4159 1200 4201 o.
1223 4157 1241 4212 9

180 4242 328 4296 occassione
350 4243 390 4308 A,
420 4241 539 4297 ocasione
562 4243 590 4297 P
703 4244 737 4299 14
760 4244 897 4300 libertatis
918 4246 991 4300 niam
1016 4244 1111 4311 ΕΝ,
1142 4244 1215 4300 uiam
1239 4246 1310 4300 ueri·

180 4329 246 4383 tatis
265 4329 293 4398 d¹
