3142 5034
540 402 691 459 serenan
709 403 827 473 Operis
848 400 917 457 uro.
935 403 974 457 11.
1017 382 1019 387 ’
1258 404 1323 473 215

187 611 286 677 quam
301 591 406 658 Iesum
421 592 545 675 paterni
561 593 704 659 claritate
719 592 872 660 sermonis
887 592 947 659 Dei
961 594 1080 663 Filium
1096 612 1161 664 esse
1176 597 1322 679 cognouit

188 696 392 778 eiusdemque
413 695 588 779 potentiam
609 697 801 779 singularem
823 695 1031 783 quadraginta
1052 696 1162 763 diebus
1188 699 1221 763 et
1244 716 1321 780 qna·

185 800 338 885 draginta
359 800 503 867 noctibus
521 799 603 865 nihil
617 801 773 865 noscentis
786 800 914 883 expauit
931 801 1018 883 (lieet
1034 800 1158 884 Moyses
1173 800 1323 867 similiter

190 905 223 968 et
252 903 361 970 Helias
390 902 526 968 totidem
557 903 679 969 dismm
706 903 914 971 sustinuerint
935 902 1137 987 noctiumque
1159 903 1319 982 ieiunium,

164 1008 247 1075 asad
275 1008 347 1076 illos
381 1006 483 1074 alieno
509 1004 606 1073 fultos
628 1006 743 1073 auxilio
764 1022 956 1089 quamquam
978 1023 1033 1073 sno
1055 1006 1168 1087 monto
1190 1010 1322 1073 nouerat

189 1112 267 1177 haec
292 1111 409 1191 fecisse,
431 1110 535 1177 lesum
568 1108 694 1193 propria
727 1110 874 1176 cernebat
906 1110 1028 1193 operari
1057 1110 1201 1192 uirtute),
1233 1128 1320 1193 spem

188 1217 317 1297 repento
338 1212 541 1281 uanissimam
555 1213 673 1282 stultae
688 1212 904 1294 temptationis
919 1212 1062 1295 arripuit.
1078 1212 1153 1295 quia
1167 1212 1320 1289 Dominus

188 1318 345 1392 esurinit„
365 1334 422 1384 neo
443 1316 577 1382 audebat
598 1314 729 1399 adgredi
743 1314 955 1394 diuinitatem,
970 1315 1182 1397 nisimixtum
1196 1314 1321 1383 uideret

188 1420 357 1502 hominem
394 1439 466 1487 mox
497 1419 641 1502 antiquas
669 1417 801 1484 molitus
831 1417 961 1503 insidias
981 1417 1150 1502 ciborum,
1173 1417 1320 1501 inprobos

152 1547 181 1587 ao
190 1524 276 1590 dolos
298 1522 427 1590 fallacia
449 1522 618 1588 suscitarit
638 1522 767 1589 adsueta
789 1522 1070 1605 demonstransque
1087 1520 1215 1604 lapides,
1245 1540 1319 1589 suas

188 1629 292 1712 magis
307 1625 424 1709 epulae,
439 1643 565 1709 serpens
580 1625 641 1690 aits
657 1625 692 1691 si
707 1624 824 1692 iilius
839 1625 910 1697 Ilei
932 1643 988 1703 es,
1011 1625 1074 1691 dio
1095 1628 1140 1690 ut
1161 1623 1318 1710 lapides

189 1731 261 1797 isti
287 1748 404 1812 panes
426 1728 548 1809 fiant,
572 1730 661 1813 quasi
683 1748 743 1795 non
766 1732 870 1813 posset
893 1729 952 1799 hoc
975 1729 1161 1812 fecereque
1182 1728 1246 1796 tale
1269 1731 1319 1795 iu-

186 1835 270 1916 giter
292 1852 369 1916 opus
388 1851 531 1898 exercens
547 1832 585 1898 de
599 1832 699 1898 saxeis
714 1836 817 1897 terrae
832 1832 1003 1899 uisceribus
1018 1832 1163 1917 producit
1179 1837 1317 1917 segetem

187 1936 305 2020 frugali
326 1938 414 2001 uictu
436 1942 658 2021 praegnantem
681 1939 713 2001 et
736 1934 839 2019 spicea
861 1935 1009 2005 messium
1032 1936 1186 2005 densitate
1216 1937 1317 2003 cautis

151 2038 381 2105 nuntrimento
404 2042 564 2106 crescente
585 2039 676 2123 panis
690 2038 817 2105 uberem
833 2039 939 2109 cibum
960 2038 998 2105 de
1014 2036 1156 2122 lapidum
1171 2039 1319 2106 fecundi·

186 2143 252 2209 tate
284 2143 427 2229 largitur.
467 2143 522 2209 sed
551 2143 666 2211 maluit
695 2143 849 2226 sapientia
872 2142 1041 2229 singularis
1062 2143 1196 2226 gloriam
1219 2142 1317 2209 mira·

186 2246 259 2311 bilis
292 2245 367 2311 facti
397 2252 603 2321 contemnere,
634 2266 674 2311 ne
703 2245 920 2329 repetitionem
955 2246 1170 2330 temptationis
1201 2246 1318 2313 admit-

185 2351 275 2415 teret
298 2351 385 2416 Deus
405 2350 489 2415 onim
510 2351 671 2415 credentes
693 2349 834 2434 suscipit,
858 2352 1048 2433 temptantes
1071 2350 1214 2417 excludit.
1242 2367 1316 2415 nam

183 2453 317 2535 populus
338 2453 461 2519 Israhel
483 2453 521 2518 ob
543 2453 602 2521 hoc
624 2454 739 2536 legitur
756 2454 857 2521 Deum
882 2454 1046 2521 offendisse
1061 2472 1157 2537 quam
1170 2452 1315 2535 maxime,

146 2556 261 2637 aoquia
289 2554 509 2623 beneficiorum
539 2559 605 2623 eius
633 2556 760 2636 oblitus,
790 2557 946 2639 temptare
974 2574 1068 2623 ausus
1098 2560 1146 2623 est
1175 2574 1256 2637 eum,
1280 2558 1318 2621 ut

185 2678 258 2723 cum
281 2659 497 2742 desperatione
519 2660 640 2743 peteret
663 2658 833 2742 epulatum.
872 2660 910 2725 do
934 2677 1067 2741 quorum
1090 2664 1121 2725 et
1136 2659 1259 2741 Moyses
1282 2660 1314 2725 in

186 2762 275 2829 libris
305 2764 369 2829 suis
398 2760 621 2830 incredulitate
648 2780 710 2828 non
743 2763 844 2828 tacuit
873 2765 904 2827 et
934 2764 1037 2831 Dauid
1064 2763 1110 2829 ite
1137 2779 1315 2855 memorans

238 3054 347 3123 lthm
365 3068 394 3123 Β
496 3068 571 3123 3nil
589 3068 645 3124 RB
748 3070 888 3139 nascentis]
909 3086 931 3137 s,
951 3085 985 3124 cc
1001 3068 1019 3123 b
1037 3069 1069 3123 H
1169 3068 1272 3139 Moyses
1289 3072 1318 3123 ot

183 3186 278 3244 Helias
296 3190 324 3244 Β
427 3190 446 3243 4
466 3188 542 3243 Elias
564 3205 581 3243 o
677 3162 837 3243 sustinuerit
854 3206 872 3242 n
890 3204 908 3242 a
924 3190 993 3245 m.2
1009 3189 1037 3243 Ρ
1128 3188 1316 3258 squameam

181 3276 213 3329 P
294 3275 379 3330 tultos
398 3277 424 3343 (o
442 3290 479 3333 ca
494 3281 522 3341 u)
543 3275 570 3329 Β
656 3274 754 3330 tiliaco
771 3275 893 3340 PHBo,
925 3274 1247 3343 hoc(ocorr.iaol1l

180 3361 292 3431 proprio
316 3361 344 3416 Β
447 3376 527 3430 opera
548 3361 583 3415 Η
683 3361 814 3415 uirtutem
838 3360 867 3414 P
968 3359 1179 3414 inanissimam
1197 3376 1214 3415 a
1231 3360 1316 3415 stulte

179 3447 211 3501 P
293 3447 378 3500 stulto
394 3446 438 3501 11¹
524 3447 655 3501 Sasuriit
672 3446 699 3500 P
761 3446 894 3515 'aggredi
913 3448 953 3514 (g¹
969 3460 1003 3500 ca
1016 3446 1045 3512 d)
1063 3446 1099 3511 P,
1128 3446 1240 3516 aggredi
1258 3446 1320 3501 ΒΗ

180 3533 232 3588 Bo
318 3532 518 3616 myrtumrnP
583 3530 846 3597 uiderotetPRH¹3
864 3531 1018 3597 etoraBo,
1039 3530 1104 3597 fort.
1117 3532 1141 3587 ei
1209 3532 1316 3588 ilenti·

178 3651 247 3719 quae
265 3636 294 3691 P
384 3634 509 3689 uno-litua
527 3635 549 3701 (l
567 3638 648 3703 cras.)
665 3634 702 3700 Β,
730 3633 874 3691 moliturus
892 3637 961 3693 coni.
979 3637 1082 3692 Hordei
1172 3638 1314 3707 inprobum

179 3740 213 3804 P,
242 3738 367 3809 inprobos
385 3743 422 3808 (o,
441 3754 476 3793 aa
492 3740 522 3803 n)
540 3736 581 3805 R,
606 3736 733 3809 inprobas
750 3738 793 3793 Ηι
811 3744 829 3792 r'1
846 3754 916 3794 corr.
930 3756 965 3796 m.
976 3743 1008 3808 2,
1035 3741 1168 3809 improbos
1184 3741 1223 3811 B,
1248 3743 1315 3810 fort,

179 3840 318 3910 improbus
410 3841 444 3895 10
460 3840 570 3895 adsueta
587 3838 623 3895 Ρ
710 3840 957 3913 demonstraneque]
976 3858 1039 3897 rans
1056 3844 1088 3899 a'a
1104 3858 1159 3899 raa.
1176 3846 1197 3899 2
1214 3844 1250 3899 H

181 3962 214 4017 12
231 3943 403 4028 hoc‘aeereP
478 3962 512 4015 13
529 3934 599 4016 saise
611 3948 647 4025 Β,
677 3978 764 4017 aaran
776 3964 812 4030 (ei
825 3980 892 4021 eros.
904 3967 933 4034 2)
950 3965 986 4019 H
993 3936 994 3939 Β
1060 3965 1094 4020 14
1110 3964 1204 4034 fragili
1220 3966 1249 4021 P

175 4057 278 4127 spicea]
292 4057 302 4109 i
313 4059 345 4111 a'a
356 4071 413 4111 roa.
425 4072 460 4109 aa
472 4060 498 4122 2,
516 4071 530 4110 e
543 4072 577 4111 cre
589 4055 598 4109 i
611 4071 681 4111 corr.
693 4074 727 4111 m.
739 4060 760 4112 2
771 4058 811 4124 H,
839 4059 983 4129 epiceatff)
995 4060 1023 4114 Β
1110 4061 1142 4115 11
1154 4058 1312 4131 petitionem

177 4151 351 4237 temptatoris
368 4150 449 4206 HBo
552 4151 691 4206 amitteret
708 4152 768 4219 PR,
800 4153 966 4208 ammitteret
982 4154 1063 4219 11¹3,
1093 4154 1250 4209 admitteret
1267 4154 1314 4208 acl

177 4254 356 4309 emittereto
444 4254 477 4307 19
502 4236 546 4309 ¹¹oc
572 4254 607 4309 Η
689 4255 767 4310 deum
793 4256 896 4329 legitur
920 4257 976 4313 RB
1062 4258 1096 4312 21
1122 4258 1250 4328 repeteret
1274 4261 1313 4327 (re
1437 4304 1439 4307 .

175 4342 259 4419 cras.)
277 4340 305 4394 P
404 4339 527 4395 decorum
544 4340 572 4395 P
672 4344 702 4395 et
717 4357 767 4397 ora,
785 4342 832 4399 Hc
