3142 5034
306 416 374 484 318
641 487 644 494 Ι
783 418 966 487 Appendin.
1009 384 1015 398 ο

308 610 479 684 interram,
504 612 616 685 quando
638 610 705 669 eliis
728 627 787 671 non
810 610 1011 683 manifestant,
1037 610 1092 671 hoc
1120 613 1165 671 cet
1190 611 1266 685 quod
1289 610 1359 670 dicit
1380 597 1446 671 ‘luo

307 732 365 775 non
403 709 549 786 carerem',
588 712 672 787 culpa
709 713 826 775 illorum
862 714 986 785 scilicet,
1020 714 1071 787 qui
1103 714 1248 775 talentum
1281 714 1443 775 infodiunt.

309 816 555 877 Procliuioris
588 817 731 878 lubrici
762 818 790 892 i·
825 816 1038 878 inclinationis.
1083 818 1178 878 Vnum
1211 816 1354 892 accipitur
1388 834 1446 891 pro

305 917 372 989 lixo,
410 920 496 993 quasi
534 919 642 979 diceret
676 916 866 993 ‘procliuioris
900 914 1098 991 lubricitatis',
1133 936 1190 980 nou
1224 923 1270 980 ast
1307 919 1338 979 in
1372 938 1445 982 usu.

307 1022 434 1082 Lubruru
464 1022 571 1082 dicitur
601 1022 689 1082 rasile
718 1021 828 1096 lignum
858 1022 885 1081 ·i·
914 1039 972 1083 non
1000 1022 1127 1098 planum,
1157 1023 1235 1083 unda
1257 1022 1370 1083 lubrica
1391 1040 1476 1083 ress

305 1144 362 1185 uon
386 1125 483 1201 plena,
508 1126 585 1187 unde
608 1125 739 1201 labimur,
762 1126 814 1187 sed
836 1124 885 1186 hic
907 1142 958 1199 pro
981 1128 1098 1199 morato
1121 1125 1246 1199 ponitur.
1285 1125 1446 1200 clipeus

306 1230 414 1290 dicitur
436 1228 527 1289 maius
549 1231 679 1302 scutum
702 1229 797 1303 clepto
819 1244 921 1301 praem
945 1228 1045 1300 furari,
1068 1229 1135 1288 inde
1158 1228 1268 1303 clipeus
1291 1224 1444 1289 ἀπὸτοῦ

206 1364 231 1406 p.
244 1354 266 1402 a.
279 1356 293 1396 s
306 1332 457 1396 κλέπτειν
479 1332 520 1394 τὰ
542 1331 677 1412 σώματα
693 1333 720 1392 ·i·
736 1332 858 1391 iurando
874 1348 1002 1406 corpora.
1034 1332 1228 1408 lllellitum‚
1247 1331 1445 1396 dulcoratum.

306 1435 414 1497 Viam
435 1436 636 1497 lib‘ertatis
653 1436 780 1511 appellat
796 1433 968 1495 catholicam
983 1434 1078 1511 iidem,
1095 1435 1146 1495 ubi
1160 1437 1206 1495 est
1222 1452 1292 1497 uera
1306 1434 1443 1496 libertas.

305 1538 382 1609 Qua
409 1539 609 1600 occasione
640 1540 667 1599 ·i·
689 1538 751 1598 siue
779 1554 830 1612 per
858 1539 981 1597 metrum
1014 1538 1075 1597 siue
1102 1556 1155 1613 per
1184 1536 1329 1613 prosem;'
1350 1555 1479 1611 prosam

134 1644 138 1649 ’
202 1673 228 1715 p.
241 1664 263 1711 c.
277 1664 291 1703 a
306 1658 374 1701 aero
397 1644 444 1703 ast
465 1641 560 1702 soluta
583 1642 684 1702 oratio.
727 1641 912 1716 Egregius
935 1641 1040 1701 dicitur
1062 1642 1147 1716 quasi
1170 1659 1185 1701 e
1209 1658 1298 1717 grege
1317 1642 1442 1715 electus,

303 1745 355 1819 qui
383 1762 435 1820 pro
464 1760 515 1804 sue
544 1744 647 1805 merito
678 1747 708 1804 st
735 1745 894 1804 sanctitate
922 1746 1094 1818 segregatur
1124 1762 1142 1803 a
1175 1761 1272 1819 grege,
1303 1748 1333 1805 et
1362 1746 1443 1807 sicut

182 1847 186 1856 '
302 1848 425 1910 eximius
453 1851 489 1907 ab
517 1848 664 1909 eximendo
687 1850 716 1908 ·i·
745 1850 915 1923 separando.
961 1847 1268 1909 Remissioribus
1301 1848 1379 1911 alie
1413 1851 1443 1909 ·i·

301 1950 521 2012 inmissioribus
543 1952 658 2026 pennis.
704 1953 811 2026 Aquila
837 1953 952 2026 quaudo
980 1951 1039 2010 alto
1060 1950 1157 2027 uolat,
1190 1956 1326 2013 extensas
1357 1956 1443 2013 tenet

302 2054 376 2128 alas,
399 2054 515 2130 quando
537 2073 604 2117 uero
629 2058 665 2115 ad
686 2058 804 2128 terram,
825 2056 948 2115 retrahit
964 2056 1020 2116 sibi
1037 2055 1476 2128 alas,itaettunoudebas1s

303 2176 417 2234 semper
447 2159 523 2219 altas
552 2160 649 2232 legere
676 2160 847 2235 scripturas.
893 2158 955 2219 Hoc
974 2159 1045 2219 dicit
1065 2162 1183 2234 propter
1205 2176 1288 2220 suum
1312 2178 1439 2221 carmen.

202 2291 227 2334 p.
240 2284 261 2330 ι,
275 2283 289 2323 ι
305 2264 502 2323 Antistare
536 2262 656 2323 dicimus
689 2263 873 2337 praecellere,
906 2262 972 2323 inde
1005 2264 1127 2323 antistas
1160 2262 1266 2322 dicitur
1299 2280 1330 2323 ee
1362 2264 1441 2338 quod

302 2367 397 2426 anteit
432 2365 612 2441 praecellens
645 2382 752 2426 omnes.
798 2364 1002 2441 Tyrocinio
1034 2366 1064 2425 id
1099 2366 1144 2425 est
1161 2367 1268 2440 primo
1291 2368 1439 2441 tempore;

303 2467 476 2545 tyrocinium
510 2468 632 2528 dicimus
668 2470 793 2543 primum
827 2470 941 2543 tempus
974 2468 1113 2540 militiam
1150 2470 1266 2544 tyrones
1300 2468 1441 2529 dicuntur

301 2574 390 2633 rudes
411 2570 519 2631 milites
542 2571 569 2629 ·i·
593 2572 685 2646 pueri,
703 2572 753 2647 qui
768 2572 940 2632 exercebant
956 2588 986 2631 ee
1003 2572 1039 2631 ad
1055 2573 1152 2646 palum
1168 2570 1200 2631 in
1216 2588 1314 2645 campo
1329 2572 1439 2632 Martio
1449 2586 1474 2627 ee

299 2680 331 2736 et
354 2676 502 2736 faciebant
521 2676 599 2736 ictus
622 2678 776 2752 aliquando
800 2676 915 2749 caesim,
940 2676 1093 2750 aliquando
1113 2675 1253 2750 priuatim,
1277 2678 1306 2733 et
1321 2675 1373 2750 qui
1388 2692 1439 2735 eos

230 2792 234 2800 ·
301 2769 474 2840 instituebat
497 2780 690 2854 campidoctor
713 2781 879 2840 uocabatur.
923 2781 1088 2839 Pacatus
1107 2778 1133 2837 .i·
1153 2778 1300 2853 pacificus,
1317 2779 1388 2853 quie
1403 2794 1439 2838 eo

300 2885 437 2958 temporo,
467 2885 581 2958 qnando
610 2880 745 2943 sedulius
772 2882 844 2943 iecit
873 2885 951 2943 hunc
979 2882 1095 2953 librum,
1126 2881 1214 2941 Alani
1246 2882 1276 2939 et
1303 2880 1439 2941 Wandali

300 2987 457 3048 uastabant
494 2986 622 3049 Italiam.
666 2986 857 3048 Astatiam
891 2988 918 3046 ·i·
951 2986 1142 3061 prudentiam,
1182 2982 1292 3044 astutia
1328 2984 1440 3045 dieitur

133 3128 140 3138 ·
199 3091 336 3161 parab
361 3077 447 3151 ‘astu'
470 3093 584 3151 nomine
611 3090 818 3152 indeclinabili.
864 3088 1095 3150 Gallicanum
1122 3104 1238 3162 aeque
1254 3088 1282 3146 ·i·
1297 3087 1472 3149 similituras

97 3176 105 3195 ⁹
299 3196 499 3269 presbyterum
522 3194 599 3255 sieut
622 3194 684 3256 alii.
728 3192 965 3254 Mitissimum
985 3192 1011 3251 ·i·
1035 3193 1120 3252 ualde
1143 3192 1337 3266 mansuetum,
1355 3190 1438 3250 mitis

299 3298 407 3357 dicitur
439 3298 524 3371 quasi
558 3299 664 3356 mutue.
708 3297 892 3356 Eruditus
927 3296 953 3355 .i.
987 3294 1067 3355 rudis
1096 3294 1202 3355 dicitur
1233 3310 1334 3365 nouus,
1367 3294 1437 3353 inde

296 3400 429 3459 eruditus
443 3398 527 3473 quasi
543 3400 576 3458 de
599 3416 665 3459 rnre
688 3399 820 3459 sublatus
835 3400 860 3459 ·i·
885 3399 920 3458 ab
936 3398 1103 3472 ignorantia
1117 3398 1220 3457 ductus
1237 3399 1265 3457 st
1282 3398 1315 3457 in
1329 3396 1438 3456 doctri-

295 3519 355 3561 nae
383 3500 493 3560 slnibue
524 3500 689 3561 collocatus.
735 3489 1035 3575 Simplicitatem
1063 3500 1258 3561 columbas
1292 3516 1316 3560 s.
1345 3498 1438 3558 habet

298 3605 483 3680 Laurentius,
507 3604 575 3678 qnia
598 3606 634 3664 ad
656 3606 709 3664 hoc
728 3604 841 3679 uigilet,
864 3607 897 3665 ut
913 3622 968 3666 neu
986 3604 1072 3666 alium
1089 3604 1225 3679 decipiet,
1249 3605 1285 3664 ab
1303 3603 1361 3663 alio
1376 3619 1473 3662 nonee

294 3706 461 3783 decipiatur
475 3709 551 3768 sicut
566 3708 704 3769 columba.
740 3708 830 3768 Vere
851 3708 1009 3769 felicem:
1032 3709 1134 3769 alludit
1157 3709 1191 3769 de
1207 3708 1320 3767 nomios
1335 3709 1433 3781 pocta.

347 3916 576 4029 3inclinetioriis
593 3946 620 3998 A
639 3960 708 4000 corr.
728 3946 801 4000 m.2
904 3943 1063 4014 6clyppeue
1081 3944 1109 3998 B
1151 3930 1153 3937 ¹
1215 3941 1343 4013 telepte]
1362 3940 1434 4009 fort.

293 4049 399 4115 clepere
416 4047 452 4114 cf.
470 4048 575 4102 Aaecd.
595 4048 674 4102 Helo.
691 4063 721 4115 p.
739 4050 805 4115 238,
825 4050 858 4101 12
961 4047 1061 4116 clepsin
1079 4050 1107 4100 to
1126 4049 1230 4100 somate
1247 4046 1287 4108 A,
1317 4042 1435 4113 clypeyu

297 4137 326 4188 te
344 4151 365 4188 s.
384 4134 411 4187 B
515 4135 546 4188 ll
566 4135 588 4203 e]
607 4152 623 4186 a
641 4135 696 4187 AB
801 4133 833 4188 12
856 4134 1012 4201 segregatus
1035 4134 1062 4187 A
1165 4132 1197 4185 21
1222 4131 1437 4199 caesi-puncti

291 4255 351 4308 AB
453 4255 487 4309 22
514 4228 694 4323 campidoctor
720 4257 748 4321 (u
772 4270 790 4307 a
808 4271 841 4308 m.
860 4256 890 4319 2)
917 4254 944 4308 A
996 4267 999 4272 ·
1047 4252 1081 4307 23
1108 4240 1144 4321 qn
1171 4252 1210 4317 A,
1241 4236 1305 4320 qnfin
1332 4250 1360 4303 B

295 4347 371 4428 elffii
389 4381 463 4441 (man
481 4391 500 4427 a
517 4391 552 4428 m.
569 4378 600 4440 2)
623 4378 648 4428 A
762 4373 939 4457 Wautapdali
963 4375 989 4427 A
1099 4372 1133 4427 24
1155 4355 1254 4458 custus}
1277 4370 1317 4435 A,
1348 4372 1435 4425 austu

295 4459 325 4513 B
427 4460 461 4513 25
478 4460 665 4515 indeclinabile
686 4461 713 4514 B
