3142 5034
519 400 670 457 Pasehal.
688 398 809 470 Operis
832 398 904 455 Lib.
921 400 961 455 11.
1240 402 1306 485 209

176 594 216 659 de
252 609 289 658 ss
316 592 384 676 ipse
416 612 477 671 non
511 592 588 669 dixit
620 609 690 676 ego
724 590 801 671 fui,
834 592 890 659 ssd
925 609 994 676 ege
1028 609 1125 673 sum,
1158 585 1307 676 quopiam

177 698 356 774 diuiuitstis
384 714 451 766 esse
480 697 531 762 est
558 712 621 764 non
644 694 753 775 luisse,
775 712 855 777 quos
877 696 952 765 uiua
974 714 1097 780 semper
1111 695 1308 775 ,selemitete

177 801 353 876 consistens
382 818 439 865 nee
466 798 568 866 initiis
597 798 697 865 oritur
718 816 775 867 nee
797 798 1147 883 terminissrplioatur.
1184 802 1309 882 tempus

178 904 264 982 euim
286 923 306 969 a
326 904 395 971 Deo
417 904 474 982 est,
497 921 561 969 uon
583 903 667 973 Deus
689 919 710 968 a
730 901 880 986 tempore.

154 1046 169 1087 s
221 1023 382 1090 Laetionis
395 1025 503 1106 itaque
517 1040 619 1088 sermo
633 1021 847 1105 prosequitur:
869 1025 908 1088 st
929 1040 1115 1105 responso
1136 1024 1308 1105 aeoepto
1338 1030 1359 1092 9

179 1131 218 1195 in
238 1126 399 1204 somnis,
422 1146 467 1193 ne
487 1126 666 1195 redirent
684 1126 733 1193 ad
747 1126 954 1207 Herodem,
976 1144 1043 1209 por
1064 1124 1183 1193 aliam
1206 1123 1309 1192 uiam

179 1231 352 1317 regressi
374 1234 467 1296 sunt
488 1230 528 1295 in
549 1231 752 1313 regionem
771 1249 891 1297 suam.
915 1231 1062 1297 debemus
1074 1229 1176 1315 igitur
1190 1228 1310 1297 imitari

179 1354 235 1401 nos
257 1335 355 1401 otiam
376 1352 540 1417 magorum
560 1333 645 1401 laets
665 1334 781 1414 fidelia,
804 1336 839 1401 st
861 1336 943 1401 sieut
963 1334 1013 1399 illi
1034 1333 1154 1399 somnio
1168 1333 1310 1403 eredide-

179 1439 265 1519 runt,
288 1457 345 1505 nos
358 1438 607 1505 euidentissimis
622 1436 800 1522 aspectibus
814 1439 879 1505 iam
893 1440 1066 1517 eradamus,
1088 1438 1241 1521 quotenus
1254 1437 1310 1519 qui

143 1542 341 1609 roGhristum
363 1543 454 1627 signo
469 1540 571 1608 erneis
585 1542 786 1623 prselueente
805 1542 965 1625 repertum
986 1542 1159 1616 meruimus
1179 1540 1311 1607 adorare

180 1646 343 1730 eidemque
379 1648 417 1711 de
451 1645 606 1713 massaris
640 1644 741 1712 uestri
773 1645 873 1711 sordis
906 1663 1039 1711 munera
1074 1642 1175 1709 trinae
1198 1642 1309 1710 ,laudis

180 1750 289 1815 offerre
321 1749 386 1815 iam
415 1749 545 1815 minime
572 1752 768 1815 reuertemur
798 1749 838 1815 ad
869 1748 961 1815 huius
988 1747 1099 1815 muudi
1120 1746 1309 1831 prinoipem,

178 1852 233 1937 qui
264 1871 321 1919 nes
353 1854 427 1919 ante
459 1853 634 1933 seduxerat,
668 1853 877 1937 deceptorem,
908 1854 965 1919 sed
997 1854 1133 1938 priorem
1162 1852 1309 1918 semitam

178 1955 393 2041 relinquentes
413 1976 469 2041 per
481 1957 570 2024 illius
585 1955 677 2024 eallis
691 1958 812 2024 seerets
825 1975 1003 2043 pergemus,
1019 1956 1074 2041 qui
1086 1958 1127 2023 ad
1142 1956 1309 2023 eselestem

143 2060 317 2145 repatriare
337 2079 463 2146 gressus
485 2060 596 2147 dirigit
625 2060 845 2128 oonfidentum.

222 2182 343 2248 Dehine
363 2181 445 2248 talia
465 2182 683 2266 perordinem
703 2184 795 2267 gesta
811 2183 994 2249 nemauturt
1016 2182 1110 2247 tune
1131 2178 1309 2245 Herodes
1323 2184 1362 2245 10

178 2286 333 2368 uidens,
362 2288 549 2369 queniam
580 2286 738 2352 inlusus
760 2288 866 2351 esset
888 2304 908 2351 a
928 2287 1072 2371 magis,
1099 2284 1225 2351 iratus
1248 2285 1309 2349 est

178 2390 297 2455 ualde
325 2390 363 2454 et
390 2389 557 2455 mittens
586 2389 740 2456 oeeidit
768 2408 902 2455 omnes
930 2407 1069 2472 pueros
1097 2388 1164 2471 qui
1193 2390 1308 2453 erent

178 2493 221 2557 in
248 2491 453 2558 Bethleem
486 2495 524 2558 et
551 2494 589 2558 iu
621 2494 802 2560 omnibus
831 2492 984 2559 finibus
1008 2494 1092 2558 eius
1115 2510 1134 2555 a
1155 2490 1310 2556 bimatu

142 2596 218 2659 eost
262 2595 370 2662 iufra
401 2596 619 2663 seeundum
662 2600 817 2679 tempus
861 2596 962 2681 qued
1004 2594 1253 2679 exquisierat
1291 2609 1311 2656 a

179 2698 314 2782 magis.
353 2698 452 2783 igitur
474 2718 494 2765 a
515 2701 626 2783 magis,
654 2718 731 2783 ques
753 2700 928 2767 crediderat
955 2695 1152 2778 inludentes,
1183 2696 1307 2763 inlusus

176 2801 390 2869 dissimulatos
422 2804 526 2869 metus
557 2805 606 2869 ira
638 2803 806 2886 praecipiti
839 2823 894 2869 rex
924 2803 1041 2886 impius
1070 2800 1257 2887 publieauit,
1281 2797 1310 2865 si

281 3008 298 3061 5
315 3006 415 3062 maren
433 3008 458 3074 2,
478 3009 511 3063 12
615 3008 648 3063 16
665 3006 765 3062 natan
783 3008 808 3074 2,
827 3009 861 3062 16

230 3195 414 3251 lseom.H
511 3196 703 3252 testemP
804 3196 884 3252 uiae
986 3194 1291 3276 deonssisteusHs

177 3318 196 3372 5
214 3331 282 3375 orm
300 3282 427 3372 srsrnenn
445 3332 501 3373 rna
513 3333 605 3374 annam
622 3333 730 3374 naemu
741 3332 818 3375 mur
836 3320 865 3375 R
956 3333 1092 3388 resspenso
1110 3317 1139 3373 P
1221 3330 1313 3371 somne

179 3421 216 3476 H
291 3420 380 3508 teum
393 3420 428 3475 ad
439 3420 475 3476 H
548 3422 650 3477 heliam
663 3421 699 3477 H
775 3420 905 3477 ‘lreuersi
917 3422 997 3477 PHe
1073 3418 1200 3476 8aetiam
1212 3420 1249 3475 H

179 3530 316 3628 magorem
343 3559 379 3615 H
400 3576 471 3618 cerr.
496 3564 570 3617 Μ
681 3562 789 3616 omniuo
816 3562 861 3629 H,
896 3575 988 3617 somno
1014 3576 1031 3614 a
1142 3561 1159 3614 9
1185 3558 1314 3631 quatinus

179 3642 209 3696 P
307 3645 342 3701 10
364 3647 600 3715 prselneenteme
701 3648 825 3703 adserere
847 3648 883 3703 H
902 3648 931 3716 (lu
953 3651 1034 3713 arus.)
1139 3646 1171 3701 11
1195 3644 1312 3698 tesseris

179 3763 209 3852 P
308 3766 343 3820 14
358 3738 485 3852 pgemsus
503 3769 539 3824 H
630 3770 694 3840 quia
711 3768 729 3823 d
746 3770 775 3824 P
876 3769 909 3824 15
926 3766 1022 3838 diligit
1038 3767 1072 3833 P,
1101 3764 1201 3835 dirigit
1218 3764 1254 3817 H
1267 3763 1312 3833 git

178 3882 199 3920 e
215 3870 282 3923 Μ
367 3870 846 3944 eonfitendoHe(eonfidendePeo.)
934 3872 966 3927 16
978 3872 1039 3925 dein
1052 3871 1085 3925 H
1170 3884 1195 3936 p.
1209 3866 1314 3921 etalie

181 3954 300 4021 gestae
397 3958 437 4012 ’19
459 3958 493 4013 ab
511 3959 599 4013 imatu
621 3958 650 4015 R
750 3958 786 4013 20
803 3958 969 4028 exquesierat
986 3958 1022 4022 P,
1053 3954 1177 4011 audierat
1194 3954 1230 4007 H
1249 3950 1314 4007 audi

178 4037 239 4102 fere
256 4054 326 4097 eree.
429 4043 461 4098 21
486 4044 583 4115 magis]
607 4061 644 4100 nn
662 4060 736 4100 rnen
753 4060 906 4100 mannum
924 4044 964 4110 R,
999 4042 1042 4097 De'
1062 4040 1175 4096 saeuitia
1197 4037 1315 4093 Herodis

180 4125 210 4177 et
231 4140 292 4180 nese
314 4128 489 4197 paruulomm
511 4147 543 4197 e,
569 4147 641 4201 quoe
664 4147 683 4185 o
705 4131 796 4187 uerbis
818 4130 893 4185 Tune
916 4129 1034 4184 Herodes
1052 4131 1102 4182 ete.
1127 4141 1187 4195 cap.
1212 4124 1315 4193 inrepit

181 4245 228 4312 (cf-
245 4263 268 4301 ⁰·
285 4252 314 4316 ⁶)
415 4226 486 4340 quor}
501 4255 530 4311 R
628 4254 747 4323 amsgis
765 4252 922 4310 inludendos
940 4252 975 4309 H
1075 4249 1108 4305 22
1126 4246 1314 4303 dissimulatus

181 4352 218 4407 H
315 4355 464 4424 puplieauit
482 4358 518 4412 H

233 4459 266 4513 K
1175 4462 1210 4517 14
1263 4468 1266 4477 ¹
