3142 5034
587 371 738 442 Remigii
759 371 939 444 expositio.
1263 377 1324 445 341

199 568 338 639 dolorem,
361 583 438 627 nunc
460 567 604 640 plangunt
625 567 743 642 propior
765 567 946 642 insperatum
962 565 1108 641 gaudium.
1146 565 1329 634 contradam

197 689 262 734 esse
284 671 411 745 uidetur,
433 671 511 744 quod
533 669 605 731 dicib
620 671 801 746 euangelista
819 665 946 734 ‘mortua'
964 671 991 729 ·i·
1006 670 1115 746 puella,
1139 671 1237 732 etheo
1253 670 1329 746 quod

198 775 330 838 domiuus
347 771 411 835 ‘non
426 777 473 836 osb
487 768 621 836 moriua'.
644 774 805 850 Vtrumque
820 777 917 838 emen
934 791 1033 838 uerum
1049 776 1106 856 esi,
1121 791 1188 846 uam
1204 773 1330 839 homiui·

197 878 254 938 bus
275 882 387 940 mortua
409 879 481 950 ereb,
503 877 550 940 illi
572 877 622 952 qui
645 880 789 940 suscitare
812 894 874 940 cem
897 880 1019 953 peierat,
1044 895 1103 940 non
1125 879 1190 940 erui
1204 880 1328 950 mortua,

176 983 250 1045 ssed
273 981 440 1042 dormiebat
477 979 670 1042 Bioihunaius
701 981 729 1040 ·i·
751 980 797 1040 bis
813 981 952 1054 mortuus,
975 997 1043 1046 uam
1057 979 1193 1043 thanatos
1207 980 1235 1040 ·i·
1250 995 1328 1042 mor·

197 1085 278 1156 belis,
309 1085 474 1162 athanatos,
504 1083 685 1146 immortalis.
730 1083 872 1145 lnciiie
903 1083 930 1147 ·i·
960 1099 1110 1158 generose,
1140 1083 1216 1144 cleos
1249 1083 1354 1148 enimv.
1369 1095 1471 1137 sse—²1⁷

197 1187 300 1261 glorie.
333 1185 426 1246 Filius
455 1185 549 1245 Dauid
571 1185 688 1262 dicitur,
718 1201 775 1246 non
799 1184 920 1246 aliorum
949 1187 1073 1260 patrum,
1102 1185 1172 1262 quie
1203 1183 1241 1247 ad
1262 1201 1328 1246 eum

196 1289 438 1366 repromissiones
471 1290 506 1349 ds
535 1288 594 1349 filio
623 1289 671 1350 dei
699 1288 866 1362 specialiter
894 1287 987 1350 faciae
1016 1290 1093 1350 suut.
1138 1289 1334 1364 cognosco

196 1412 249 1469 pro
272 1407 454 1467 cognoscere.
500 1391 668 1467 Torpens
684 1390 710 1450 ·i·
732 1392 909 1469 pigrescens,
925 1390 1070 1454 deficiens.
1115 1391 1184 1452 Sed
1202 1391 1327 1454 domus

160 1496 319 1564 solerael
339 1514 371 1558 ·s·
393 1497 507 1556 tantum
527 1497 674 1570 praecepit
696 1495 738 1556 eis
753 1495 784 1556 in
799 1496 893 1558 Isreei
915 1495 969 1568 ire,
993 1511 1029 1556 ne
1044 1495 1127 1556 Iudei
1149 1494 1325 1564 occasionem

196 1600 338 1663 habereris
361 1599 474 1661 dicendi
496 1598 533 1657 ed
555 1598 645 1661 alios:
675 1598 808 1673 Pergunt
832 1599 862 1662 oi
883 1615 937 1660 nos
960 1598 1118 1660 dimiidnub.
1155 1600 1234 1660 Hoc
1265 1614 1325 1660 no·

195 1702 290 1764 mine
312 1720 343 1764 e
366 1704 400 1764 ub
420 1701 513 1764 Israel
533 1704 718 1765 uocarentur.
753 1702 848 1764 Verba
862 1703 932 1764 suni
947 1703 1048 1778 posiae
1061 1719 1114 1778 per
1128 1701 1325 1780 parenthesin.

196 1806 323 1867 Gratis
356 1806 524 1868 edusrbium
551 1808 597 1866 esd
619 1823 638 1864 a
658 1807 763 1880 gratia.
801 1806 855 1868 Est
884 1807 981 1868 aubom
1009 1806 1106 1880 gradio
1134 1807 1324 1884 spontaneum

197 1910 311 1982 donum,
334 1908 410 1983 quod
432 1909 495 1972 siue
516 1910 620 1970 meritc
642 1908 731 1970 alicui
753 1908 940 1984 impenditur,
965 1910 1025 1972 essi
1044 1909 1153 1970 diceret
1173 1909 1323 1972 dominus:

160 2013 234 2082 midi
255 2029 307 2073 uos
329 2013 386 2074 mei
407 2013 479 2073 estis
502 2014 533 2074 eb
553 2029 621 2072 oues
644 2029 723 2073 meae
744 2013 815 2077 suni
836 2014 867 2075 eb
888 2027 996 2089 pascus
1022 2029 1086 2074 mea
1110 2013 1187 2075 suni.
1223 2011 1324 2075 Nolite

195 2131 263 2189 ergo
285 2115 410 2179 uendere
431 2115 502 2176 mois
523 2113 626 2174 ouibus
648 2132 755 2189 pascua
777 2113 805 2174 i·
828 2113 988 2178 doctrinam
1010 2115 1059 2176 nei
1080 2114 1215 2189 spiritum
1237 2131 1322 2176 sanc·

194 2220 266 2291 burn,
289 2217 339 2292 qui
360 2217 446 2278 datur
467 2235 520 2294 per
542 2217 743 2292 inposicionem
765 2235 878 2280 manus.
919 2217 982 2278 Hoc
1004 2217 1086 2290 dixis,
1110 2221 1143 2278 ub
1157 2219 1321 2284 sacerdodes

193 2323 353 2396 exemplum
367 2321 516 2393 haberent,
532 2323 677 2397 quatenus
693 2339 729 2382 ne
746 2323 905 2387 uenderent
921 2322 1101 2384 sacerdobcle
1115 2322 1319 2386 ministerium.

193 2425 237 2486 In
259 2428 445 2500 paradyso
457 2425 575 2500 quidm
590 2425 656 2489 ioue
670 2427 724 2496 esi,
741 2442 776 2484 ex
790 2443 846 2502 quo
861 2427 1019 2501 procedunt
1034 2427 1172 2504 quattuor
1187 2425 1322 2488 flumine:

156 2529 270 2590 soiieou
292 2530 354 2605 ipse
378 2531 423 2590 esi
445 2527 548 2600 Nilum
570 2527 681 2590 Phison
704 2529 764 2602 ipse
788 2533 832 2590 cot
848 2529 978 2606 Gangem
1000 2529 1097 2604 Tigris
1112 2531 1142 2590 eb
1157 2529 1322 2604 Euphrates

193 2633 318 2708 propriis
355 2631 521 2693 nominibus
557 2633 708 2695 uocantur.
753 2632 946 2706 synagoga
982 2632 1088 2694 dicitur
1124 2634 1321 2708 congregabis,

192 2737 269 2797 sicut
298 2736 421 2796 ecclesia
449 2734 627 2796 conuocatis.
673 2734 847 2796 Dimenso
879 2735 907 2795 ·i·
935 2734 1086 2796 uminum,
1131 2735 1272 2797 Reduci
1294 2735 1322 2795 ·i·

193 2839 362 2903 reuertenti.
406 2836 435 2896 N
444 2837 473 2896 il
495 2836 603 2897 tollis
624 2853 656 2896 ·s·
680 2837 755 2896 sicud
779 2835 875 2896 scient
890 2836 992 2898 medici
1008 2835 1142 2912 quiddam
1157 2838 1321 2912 praecidere

193 2942 228 3003 de
249 2939 396 3014 membris,
419 2941 452 2998 ub
474 2941 565 3001 bobum
589 2955 691 3014 corpus
714 2941 843 3002 sanctur.
878 2941 1104 3004 instaurans
1124 2939 1151 3000 ·i·
1170 2957 1320 3015 reparans.
1355 3019 1359 3030 ῃ

154 3043 280 3106 rechel
288 3045 401 3119 ydros
425 3043 452 3102 ·i·
476 3040 618 3102 diabolus.
655 3042 794 3114 cherson,
818 3043 910 3114 herrc3
933 3041 1005 3117 ydor
1030 3057 1112 3118 aque,
1136 3041 1201 3132 inde¹
1229 3043 1320 3106 cheli·

192 3149 262 3208 drus
284 3163 414 3220 serpens,
437 3144 507 3220 quia
529 3145 561 3206 in
584 3147 663 3204 berre
683 3146 713 3204 ei
734 3144 765 3202 iu
780 3161 856 3220 aqum
870 3145 966 3220 podest
981 3162 1057 3208 esse.
1092 3144 1320 3224 Despecbans

191 3249 220 3309 ·i·
251 3251 382 3310 deorsum
412 3249 565 3322 aspicieus.
609 3249 720 3322 luges
750 3248 775 3307 ·i·
802 3245 961 3322 continuos,
986 3248 1050 3310 ideo
1073 3247 1143 3308 dieis
1166 3249 1257 3328 iuges,
1281 3265 1319 3313 ue

190 3369 243 3428 pes
266 3352 376 3425 aliquot
398 3369 489 3412 annos
510 3354 627 3426 pueros
643 3366 757 3410 currere
784 3349 993 3414 infirmitatem.
1040 3353 1114 3412 Ima
1134 3353 1269 3426 petunt
1291 3351 1319 3410 ·i·

191 3454 316 3516 terrenis
338 3454 439 3530 opibus
468 3453 599 3526 inhiuni3
632 3453 746 3514 inhiare
768 3456 813 3514 esd
835 3454 994 3516 intendere.
1033 3454 1118 3516 diodo-
1138 3455 1317 3531 allegorizet.

156 3559 248 3621 scIila
269 3557 372 3618 mulier
394 3557 540 3630 significat
561 3557 637 3634 illos,
664 3558 714 3634 qui
736 3559 861 3634 pondere
884 3559 1064 3634 peccatorum
1086 3559 1179 3636 pressi
1194 3559 1317 3620 terrenis

191 3660 293 3736 opibus
315 3660 503 3720 delectentur.
549 3660 761 3720 Maioribus
783 3659 811 3718 ·i·
833 3659 943 3720 maiora
971 3661 1113 3722 miracula
1135 3679 1220 3735 quam
1243 3664 1318 3722 sicui

191 3763 261 3824 iecit
281 3763 407 3837 Moyses,
430 3762 498 3837 plus
520 3763 595 3822 euim
618 3760 675 3822 fuid
698 3763 732 3820 de
755 3751 868 3823 duobus
891 3763 1018 3837 piscibus
1041 3765 1071 3823 ei
1091 3763 1216 3838 quinque
1232 3759 1316 3840 pani-

191 3868 244 3926 bus
272 3881 406 3938 magnem
433 3865 648 3926 multitudinem
682 3866 790 3926 satiare
818 3883 904 3940 quem
934 3866 969 3926 ds
998 3865 1130 3926 inmensa
1162 3865 1316 3940 largitione

191 3968 348 4028 coturnica.
380 3966 516 4026 coturnix
534 3967 609 4028 idem
625 3970 670 4026 esi
684 3970 714 4026 eb
729 3968 926 4041 ortigometra.
961 3967 1149 4042 cophinus
1172 3972 1201 4027 et
1221 3967 1315 4029 corbis

153 4074 220 4130 eset
242 4071 383 4130 canthara
405 4070 480 4130 idem
502 4073 580 4137 suni,
618 4072 738 4129 Aucta
760 4070 787 4127 ·i·
810 4070 1001 4144 amplificam
1023 4072 1106 4130 dente
1129 4071 1210 4145 copia
1233 4072 1314 4147 freg-

241 4303 423 4358 denethosA
501 4303 703 4357 sconensceid
780 4301 1043 4371 eeozzigomctrae
1117 4301 1246 4358 corbesA
