3142 5034
292 384 355 450 328
764 379 948 450 appendix.

292 576 434 650 similiter,
463 578 582 649 quartus
612 592 679 634 uero
707 576 798 636 habet
821 575 979 636 CCCLXVI
1002 575 1072 647 diae,
1097 573 1164 647 quia
1186 574 1323 646 quattuor
1350 588 1423 645 qna-

290 681 410 739 drentes
438 679 549 738 faoinnt
570 696 657 737 unum
686 677 778 754 diem3
807 679 872 754 ipse
895 681 939 738 eet
969 679 1115 738 bissextus
1144 677 1193 750 qni
1220 677 1324 749 quarto
1347 691 1423 733 anno

292 784 438 844 inseritur.
477 783 582 853 Quinto
610 799 678 842 uero
707 799 780 841 anno
810 783 926 842 inchoat
960 783 1003 840 sol
1038 782 1153 840 eosdem
1186 797 1296 840 oureus.
1337 777 1424 838 Verbi

293 886 389 962 gratia
410 887 454 947 sol
476 887 507 944 in
529 887 621 960 primo
644 902 718 944 anno
742 886 786 944 est
808 885 840 944 in
862 885 957 944 fronte
973 885 1083 958 1111111,
1101 885 1223 944 seeundo
1239 883 1271 944 in
1287 880 1423 957 spatulis,

293 992 381 1050 tertio
404 992 434 1050 in
455 992 557 1062 latere,
581 993 684 1064 quarto
707 989 739 1048 in
761 989 888 1061 renibus,
912 989 1011 1064 quinto
1033 1005 1102 1047 uero
1126 988 1158 1046 in
1173 985 1295 1045 frontem
1320 984 1459 1043 iterums

293 1095 458 1154 reuertitur.
496 1094 631 1152 Lustrum
660 1092 746 1151 etiam
775 1092 922 1152 <linitura
953 1092 1105 1152 lustrando
1136 1107 1168 1149 eo
1197 1090 1272 1164 quod
1303 1087 1425 1147 Romani

293 1200 385 1259 totam
407 1197 556 1256 ciuitatem
578 1195 679 1270 quinto
702 1213 775 1254 anno
802 1196 966 1255 lustrabant
988 1213 1053 1255 111111
1075 1193 1162 1254 111111
1185 1199 1214 1252 et
1242 1189 1425 1264 lampadibus

295 1301 327 1359 in
356 1301 490 1359 honorem
520 1317 635 1359 suorum
663 1301 788 1370 deornm,
821 1301 958 1373 quomodo
986 1315 1039 1358 nos
1070 1297 1191 1356 faoimns
1220 1310 1270 1368 per
1294 1293 1425 1366 singulos

296 1420 387 1463 annos
415 1421 513 1463 mense
535 1403 689 1461 Februario
718 1403 751 1461 in
773 1403 909 1461 honorem
935 1403 1051 1460 sanotae
1073 1401 1190 1459 Mariae.
1228 1398 1336 1457 Lustra
1360 1411 1425 1454 uero

149 1535 170 1566 v.
185 1525 287 1565 nae—aar
296 1507 448 1582 pluraliter
485 1507 618 1566 dicuntur
655 1505 762 1564 cubilia
806 1505 942 1565 ferarum.
995 1503 1225 1575 Naufragus,
1268 1499 1427 1572 naufragus
1435 1515 1461 1556 ro

297 1611 402 1670 dieitur
423 1612 471 1684 qui
501 1610 624 1670 sustinet
653 1609 756 1668 damna
782 1609 813 1667 in
844 1608 929 1670 mari.
966 1607 1048 1666 Naue
1071 1622 1182 1680 graeoe,
1205 1603 1291 1664 nauis
1315 1602 1425 1680 latine;

296 1715 363 1773 inde
396 1712 576 1788 naufragium
610 1712 714 1772 dicitnr
747 1712 830 1771 nauis
864 1710 977 1771 fraotio.
1025 1709 1198 1768 (laurinus
1231 1709 1260 1765 et
1293 1705 1427 1765 olibanus

297 1814 404 1891 grae'oa
426 1820 496 1876 sunt
524 1818 554 1874 et
576 1817 679 1877 fornax
708 1815 846 1876 latinum.
890 1814 1022 1874 Riotus
1046 1815 1091 1872 eet
1112 1811 1200 1870 11111111
1224 1811 1335 1885 apertio
1359 1808 1427 1868 oris.

297 1919 385 1980 Venit
417 1922 512 1978 antem
543 1939 561 1978 a
588 1921 676 1980 uerbo
707 1915 809 1994 ‘ringo'
841 1920 868 1978 ·i·
898 1936 929 1978 os
957 1917 1064 1991 aperio.
1102 1897 1376 1974 lne'timulente
1400 1915 1429 1972 ·i·

296 2026 478 2098 prouocante.
514 2024 653 2094 Stimulae
682 2026 727 2083 est
751 2023 866 2097 proprie
892 2023 976 2096 uirga
998 2021 1109 2080 habens
1131 2019 1238 2078 sermm
1261 2016 1291 2074 in
1306 2015 1462 2076 summi-1⁵

297 2130 369 2198 tate,
399 2144 455 2201 qua
482 2128 679 2186 annonantur
707 2126 805 2185 boues.
843 2125 954 2200 Nempe
983 2141 1050 2194 non,
1080 2122 1184 2196 iuquit,
1206 2120 1312 2179 mirum
1334 2121 1381 2178 est
1404 2119 1428 2175 ei

298 2230 356 2292 ieta
378 2230 477 2288 eontra
498 2231 630 2288 naturam
653 2229 733 2288 faeta
754 2230 831 2288 sunt.
876 2228 1106 2299 Quocumque
1129 2227 1156 2284 1·
1172 2225 1201 2283 in
1230 2241 1428 2299 quameunque

298 2334 420 2407 partem.
453 2332 553 2392 Vana
584 2331 632 2405 uel
661 2331 729 2390 fana
751 2331 779 2389 ·i·
803 2331 889 2390 idola.
923 2331 1091 2389 Sinistro
1114 2331 1141 2388 ·i·
1164 2344 1308 2402 peruerse.
1345 2327 1429 2386 Dolet

299 2438 383 2512 poeta
410 2437 445 2494 (11
475 2435 622 2517 erroribus
644 2451 832 2508 paganorum.
872 2433 984 2494 Idolum
1007 2430 1211 2491 diminutiuum
1234 2432 1279 2489 est
1303 2431 1341 2490 ab
1364 2430 1429 2488 idea

298 2541 326 2598 ·i·
358 2539 459 2598 forma.
509 2536 721 2600 Dementia.
737 2539 765 2596 ·i·
802 2537 1000 2596 deliramenta.
1044 2534 1111 2594 Lira
1145 2538 1219 2595 enim
1254 2535 1351 2596 sulcus
1387 2536 1462 2596 estro

298 2642 398 2713 aratri,
422 2641 488 2700 inde
510 2641 599 2700 deliro
623 2641 649 2700 -i·
671 2641 810 2713 exorbito,
835 2642 915 2700 auia
929 2641 1053 2700 rationis
1069 2640 1162 2700 deuio.
1196 2639 1317 2712 Proprie
1333 2639 1429 2698 autem

299 2745 422 2804 delirare
444 2746 498 2818 est,
522 2744 636 2816 quando
657 2745 745 2804 bones
764 2746 798 2803 (11
814 2744 893 2803 suloo
909 2744 1082 2816 exorbitant,
1100 2724 1187 2802 itaet
1205 2759 1288 2802 senes
1304 2739 1429 2801 delirare

301 2848 445 2919 dicuntur,
467 2849 643 2921 quoniame
671 2865 741 2906 uera
767 2849 910 2908 locutione
940 2849 1087 2908 recedunt.
1133 2847 1266 2906 Bouem
1296 2847 1323 2904 ·i·
1350 2847 1427 2920 apin,

300 2969 368 3011 nam
390 2952 455 3026 apis
477 2954 599 3010 nooatus
622 2952 666 3010 est
688 2954 799 3024 taurus,
823 2953 872 3025 qui
888 2950 960 3010 Isidi
978 2951 1095 3024 reginae
1110 2944 1291 3010 offerebatur.
1316 2948 1427 3009 Semi-

300 3055 554 3127 hominemquo
583 3055 610 3112 ·i·
639 3055 764 3132 simiam,
795 3055 879 3114 simia
912 3054 989 3114 enim
1023 3054 1177 3114 semihomo
1210 3054 1239 3112 et
1273 3051 1463 3112 semieanieaa

301 3160 354 3216 est.
389 3157 457 3214 Tria
473 3173 581 3229 genera
597 3159 665 3215 sunt
680 3157 843 3217 simiarum:
863 3175 920 3216 una
936 3159 980 3215 eet
994 3156 1108 3228 uillosa,
1125 3171 1196 3229 quae
1212 3155 1296 3228 spinx
1310 3153 1428 3226 dieitur,

304 3259 363 3318 alia
384 3259 600 3332 eeroopitheons
623 3260 730 3318 dieitur
753 3261 873 3318 caudam
897 3261 1019 3335 habens,
1042 3258 1130 3318 tertia
1152 3259 1213 3317 sine
1231 3256 1333 3332 cauda,
1355 3273 1429 3330 quae

303 3362 387 3420 simia
408 3365 591 3435 nununpatur
606 3361 709 3421 leoiem
733 3365 761 3421 et
775 3365 862 3436 pedes
880 3364 915 3421 ad
932 3361 1153 3422 similitudinem
1168 3359 1292 3420 hominis
1308 3361 1428 3436 habene,

303 3467 427 3523 ceterum
455 3481 522 3524 uero
552 3483 656 3539 eorpus
686 3467 723 3526 ad
749 3466 967 3525 similitudinem
990 3466 1079 3524 oanis.
1124 3464 1170 3524 Vt
1191 3463 1379 3523 uoluerem
1402 3461 1428 3518 ·i·

302 3568 373 3628 ibin,
426 3566 558 3627 Gioonias
597 3569 669 3628 dieit
712 3570 907 3643 Aegyptiacae
951 3570 1134 3640 domestioas,
1178 3584 1250 3640 quas
1290 3565 1463 3640 Aegyptiioo

303 3671 434 3733 colebant
456 3674 573 3746 propter
591 3673 748 3751 serpentes,
774 3689 845 3745 quos
861 3674 1048 3732 deuorabant.
1079 3669 1262 3730 Geminum
1277 3669 1304 3728 ·i·
1322 3685 1427 3742 eaqua-

302 3775 369 3837 lem.
409 3774 560 3834 Geminum
587 3792 639 3848 pro
667 3775 783 3849 aequali
811 3775 925 3850 posuit,
956 3776 1023 3850 quie
1052 3773 1098 3833 illi
1126 3775 1185 3832 tres
1208 3772 1268 3832 dies
1291 3773 1324 3831 in
1346 3771 1428 3830 initio

220 3901 224 3905 ’
304 3879 402 3937 mundi
425 3879 561 3952 aequales
584 3879 709 3956 fuerunt,
740 3881 807 3951 post
828 3896 897 3938 uero
925 3877 1015 3938 solem
1037 3880 1138 3952 quarto
1162 3875 1207 3936 die
1230 3879 1360 3935 ereetum
1382 3873 1428 3932 111-

304 3983 439 4055 aequales
462 3983 529 4041 sunt
551 3982 622 4055 dies,
649 3983 700 4041 aut
723 3983 799 4041 enim
822 3981 1427 4042 11111111111111111111111111111111111111-

304 4085 387 4144 modo
409 4088 438 4144 in
462 4084 662 4159 aequinoctiis.
697 4084 888 4157 Fugantnr
911 4085 937 4143 ·i·
961 4084 1192 4152 obtenebrantur,
1217 4084 1245 4144 et
1267 4081 1321 4140 hoo
1336 4079 1427 4155 poeti·
1436 4099 1460 4138 11

357 4333 540 4418 2GIpini1A
643 4335 677 4388 27
695 4336 856 4406 olroopeotun’
874 4337 901 4390 A
1004 4335 1039 4390 30
1056 4334 1289 4404 aegiptiallllllaeoas
1307 4335 1334 4386 A
