3142 5034
300 382 364 484 26ss
801 412 938 468 Sednlii

301 620 395 685 quem
426 620 517 668 sunm
551 600 651 686 magis
675 619 740 667 esse
762 600 927 667 desiderat.
966 620 1021 667 nec
1045 602 1127 667 enim
1150 603 1310 668 hominem
1341 618 1434 687 prop-¹

301 706 351 769 ter
380 704 547 771 sabbatum
579 706 665 770 Deus
690 703 842 781 instituit,
864 702 955 771 'sicut
981 704 1015 770 in
1049 704 1108 770 alio
1148 705 1311 789 euangelii¹
1335 706 1434 771 sancti

301 807 440 891 capitulo
463 807 528 872 suis
544 809 697 872 Dominus
719 808 786 890 ipse
809 809 911 874 uerbis
936 808 1066 888 edocuit,
1084 809 1135 874 sed
1161 810 1292 875 sabbata
1307 798 1434 895 propter

301 911 459 975 hominem
481 912 666 995 procreauit.
705 914 781 977 tunc
810 930 886 995 opus
916 912 1026 978 salutis
1054 913 1229 995 inpertitus
1252 913 1435 978 humentem
1559 998 1560 1007 ἵ

301 1017 469 1079 uiscerum
482 1008 633 1080 desiccari
655 1014 750 1080 iussit
765 1014 935 1080 inluuiem:
953 1034 1024 1079 oum
1041 1017 1167 1099 repente
1182 1015 1327 1081 morbosa
1343 1016 1435 1097 palu·
1455 1038 1468 1079 e
1559 1012 1560 1033 ³

302 1117 353 1183 dis
375 1134 536 1200 corporeae
558 1117 643 1181 unda
665 1117 809 1183 discessit
825 1117 972 1199 lacusque
988 1118 1106 1183 uitreas
1121 1119 1184 1183 iam
1201 1118 1303 1183 carnis
1321 1118 1436 1183 exhau-

302 1221 369 1286 stus
395 1220 539 1305 lymphat
541 1241 576 1286 ae
599 1224 669 1305 pest
671 1220 697 1283 is
656 1220 824 1285 tsubito
846 1223 1000 1287 uacuetur
1022 1224 1175 1287 abscessu.

251 1343 291 1405 lo
348 1340 487 1424 Cumque
516 1343 669 1408 Dominus
699 1342 951 1425 Hierosolymam
980 1344 1089 1425 petens
1120 1362 1174 1425 per
1203 1342 1381 1407 Samariam
1405 1344 1436 1407 et

251 1445 479 1514 Galilaeam
496 1444 741 1527 Hierichumque
757 1444 919 1524 transiret,
939 1445 1096 1527 quoddam
1113 1449 1179 1511 cast
1181 1464 1251 1509 rum
1268 1445 1437 1510 clementer

301 1548 460 1630 ingressus
490 1549 548 1612 est.
585 1566 678 1629 quem
707 1545 816 1628 procul
844 1547 881 1611 ut
910 1545 1015 1612 decem
1046 1548 1154 1612 miseri
1181 1548 1287 1612 uidere
1310 1546 1467 1632 leprosis

301 1650 461 1715 maculosa
488 1652 623 1733 corporis
651 1649 842 1715 obscenitate
867 1648 1048 1730 foedissimi,
1072 1668 1149 1733 quos
1172 1651 1305 1715 discolor
1329 1668 1437 1733 sparsa

304 1752 445 1817 uultibus
474 1770 573 1836 poena
596 1753 683 1836 turpi
711 1751 830 1817 fecerat
857 1752 1057 1819 deformitate
1079 1756 1232 1836 portenta,
1257 1754 1354 1818 simul
1376 1771 1437 1819 una
1559 1748 1560 1811 ἒ

303 1872 379 1921 uoce
402 1847 577 1921 clamauere
598 1856 763 1921 flebiliter:
794 1858 888 1921 Iesu
918 1857 1129 1941 magister,
1159 1858 1352 1922 miserere
1375 1876 1438 1921 no·

302 1959 389 2023 stri.
427 1962 503 2024 tunc
532 1958 702 2043 singularis
731 1959 789 2025 illa
818 1960 968 2041 potentia,
1002 1978 1080 2043 quae
1113 1978 1286 2044 numquam
1319 1959 1437 2041 pietate

302 2062 340 2126 fit
363 2079 470 2142 uacua,
495 2062 654 2145 respondit
672 2063 858 2128 miseranter·
875 2080 911 2127 ac
928 2062 1022 2130 dixit:
1045 2065 1120 2148 ite,
1143 2063 1347 2139 ostendite
1370 2082 1467 2130 uosrs
1559 2050 1560 2097 ἶ

302 2165 593 2231 sacerdotibus.
634 2167 799 2249 subitoque
836 2168 912 2231 dum
948 2170 1114 2249 properant
1147 2166 1229 2250 fugit
1266 2168 1366 2233 omnis
1403 2185 1437 2231 ex

303 2286 410 2333 eorum
433 2269 583 2335 membris
605 2269 753 2352 iniquitas
777 2274 808 2334 et
826 2269 945 2334 mutuis
960 2287 992 2333 se
1008 2268 1128 2335 nisibus
1143 2270 1299 2335 intuentes
1315 2271 1437 2335 alterna

303 2371 421 2454 pariter
452 2371 652 2439 mundatione
686 2372 876 2456 gaudebant,
912 2373 994 2456 quod
1024 2372 1059 2436 in
1089 2372 1175 2438 nullo
1204 2372 1372 2455 quicquam
1402 2392 1438 2437 er

303 2473 459 2541 horrenda
481 2475 634 2540 uarietate
656 2480 858 2542 remanserat.
896 2475 1063 2559 exquibus
1079 2495 1158 2541 unus
1174 2476 1337 2559 tamquam
1352 2475 1437 2541 doci·

303 2583 381 2643 mas*
395 2597 450 2660 pro
473 2578 619 2644 omnibus
642 2580 779 2662 percepti
795 2579 933 2645 muneris
948 2578 1112 2645 oblaturus
1128 2584 1220 2661 grata
1235 2578 1467 2645 festinationem
1558 2566 1559 2577 ,

302 2681 481 2764 regrediens
504 2682 576 2747 ante
599 2683 771 2748 Dominum
793 2702 826 2747 se
844 2683 1018 2765 prostrauit
1033 2684 1067 2749 in
1083 2682 1205 2749 faciem.
1243 2699 1361 2764 magna
1374 2682 1437 2747 uiri

407 2886 636 2977 resacrare
740 2911 773 2965 15
792 2910 828 2965 ιι.
849 2911 881 2965 14

355 3122 369 3176 1
398 3121 486 3191 magis
512 3138 590 3176 snum
617 3122 647 3177 P
747 3122 813 3192 esse]
838 3107 867 3177 ee
889 3124 921 3179 in
943 3139 994 3193 ηιμ.
1017 3124 1045 3179 Β
1148 3124 1300 3181 desiderans
1324 3126 1352 3182 Β
1373 3125 1437 3191 Col..

300 3224 467 3281 desideraret
492 3243 509 3283 o
611 3226 629 3280 2
655 3225 818 3297 sabbaptum
844 3227 873 3283 P
974 3227 1090 3283 instanit
1116 3229 1158 3282 11¹
1183 3230 1265 3296 (corr.
1282 3246 1316 3285 aa
1335 3232 1367 3299 2)

299 3347 455 3416 4preanit
478 3347 506 3401 P
606 3312 751 3416 impssione
776 3350 801 3417 (t
818 3364 836 3402 a
853 3365 887 3403 m.
905 3349 952 3416 ol.)
978 3349 1007 3404 Β
1118 3349 1315 3420 5ingluniem
1341 3350 1369 3405 R

302 3449 506 3519 llimphautn
526 3450 560 3517 (ti
577 3466 649 3506 maa.
666 3450 737 3516 aoid.)
759 3452 789 3507 Β
892 3454 990 3508 uacuat
1013 3452 1047 3518 P,
1076 3455 1208 3508 uacuatus
1225 3454 1292 3519 Ho,
1321 3455 1437 3508 uacuata
1556 3496 1557 3501 1

301 3552 331 3607 B
431 3553 847 3621 successurumque.)
865 3555 917 3611 Bo
1015 3557 1086 3611 Son
1103 3572 1199 3612 numm
1216 3570 1351 3611 ruraosrs
1367 3555 1434 3621 RH,
1556 3534 1557 3553 ἢ

303 3656 405 3727 leprosi
431 3655 521 3712 docem
547 3657 673 3713 mundati
699 3674 717 3713 o
819 3657 991 3714 hierosolima
1016 3660 1110 3726 PRH,
1140 3658 1313 3713 hierusolima
1340 3660 1368 3714 B

301 3742 468 3848 ‘thieric'oq¹
489 3779 517 3834 B
613 3779 759 3835 clementer
776 3782 802 3844 (r
820 3795 855 3834 eoo
872 3782 895 3848 s)
915 3780 942 3833 Β
1039 3778 1072 3835 10
1089 3780 1184 3835 misere
1203 3780 1232 3836 P
1330 3782 1361 3835 11
1382 3797 1436 3836 ma·

301 3879 394 3953 culam
410 3899 438 3953 Β
526 3900 690 3955 foecundissi
707 3902 736 3956 P
833 3872 904 3985 quod
923 3903 1003 3969 (corr.
1021 3917 1055 3955 m.
1074 3901 1103 3970 2)
1122 3902 1158 3956 H
1251 3900 1324 3956 color
1342 3901 1370 3955 P

300 4022 390 4091 sparsi
401 4023 441 4078 13²
453 4024 498 4092 (aa
509 4023 627 4091 sparsas)
722 4021 755 4074 13
766 4021 908 4075 misereH
993 4020 1024 4075 14
1035 3992 1138 4075 numm·
1149 4021 1183 4088 P,
1208 4036 1328 4091 numqua
1341 4022 1368 4076 Β

303 4126 336 4179 15
348 4125 477 4180 utillolllua
488 4124 527 4192 H,
552 4125 671 4191 sonasse
682 4123 738 4178 fuit
749 4140 834 4178 uacua
845 4126 928 4181 Areo.
1015 4123 1058 4193 fit]
1071 4123 1135 4189 fort.
1149 4123 1216 4178 defit
1233 4140 1263 4179 ac
1276 4124 1435 4179 miseranter

300 4244 384 4299 HBo
487 4244 520 4297 17
543 4218 644 4329 mq'rtuis
668 4245 749 4310 (corr.
772 4259 808 4297 m.
826 4245 852 4311 1)
877 4244 936 4298 B*
1011 4243 1043 4298 19
1066 4215 1180 4297 ueritate
1199 4244 1228 4299 Β
1332 4260 1435 4300 reman-

301 4350 396 4402 serant
413 4348 442 4401 P
543 4346 578 4401 20
594 4362 658 4415 praa
675 4347 725 4403 Bo
829 4346 919 4415 gratia
936 4346 964 4400 P
1064 4346 1096 4401 21
1116 4348 1230 4403 fautiem
1248 4349 1276 4402 P
