3142 5034
431 1196 1018 1312 Pnonneolrnnl.

710 1467 738 1554 Ι.

204 1651 368 1757 Serulius,
392 1680 430 1744 de
454 1682 541 1746 ouius
563 1679 631 1744 uita
654 1682 685 1744 et
707 1677 833 1762 scriptis
853 1679 915 1744 alio
931 1679 999 1744 loco
1012 1676 1036 1759 1)
1054 1676 1153 1742 fusius
1168 1677 1289 1743 tracta·

155 1789 273 1873 nimus,
296 1787 458 1870 postquam
481 1786 692 1852 saecularibus
715 1785 830 1852 studiis
853 1785 989 1855 colendis
1017 1783 1084 1848 uim
1106 1783 1287 1867 inpatientis

157 1891 279 1976 ingenii
309 1909 369 1955 non
400 1890 533 1955 utilitati
563 1889 685 1955 animae
707 1888 761 1954 sed
783 1889 870 1954 inani
892 1887 977 1954 uitae
999 1887 1178 1970 dependere,
1201 1886 1289 1953 litte·

156 1998 260 2062 rariae
277 1993 419 2058 sollertia
434 1993 617 2076 disciplinae
633 1991 755 2058 lusibus
770 1989 958 2056 infructuosi
974 1991 1075 2073 operis
1092 2008 1152 2056 non
1166 1989 1288 2055 auctori

155 2097 278 2163 seruire
308 2095 369 2162 sibi
395 2098 480 2160 uisus
504 2097 551 2161 est
564 2093 601 2180 ⁹),
627 2098 664 2161 ad
689 2094 805 2161 Christi
835 2093 987 2160 miracula
1008 2094 1149 2159 uersibus
1171 2091 1288 2160 descri-

156 2202 260 2266 benda
282 2202 321 2265 ob
344 2199 401 2264 hoc
424 2201 557 2264 maxime
580 2198 721 2278 accessit,
749 2193 786 2263 ut
816 2198 894 2263 alios
916 2197 1182 2263 exhortationibus
1204 2196 1288 2262 ueri-

156 2303 234 2368 tatis
257 2303 295 2367 ad
318 2302 440 2388 frugem
462 2303 561 2369 bonae
590 2304 700 2368 messis
728 2302 867 2368 inuitans
898 2303 925 2367 si
947 2302 1070 2384 quando
1092 2299 1288 2366 infirmitatis

156 2407 313 2498 humanae
336 2407 421 2471 uitiis
445 2405 574 2471 forsitan
590 2405 753 2470 lacessitus
769 2405 1006 2488 inpugnaretur,
1023 2401 1128 2469 uerbis
1144 2403 1286 2486 propriae

156 2508 381 2592 disputationis
416 2510 605 2575 ammonitus
639 2511 793 2574 metueret
819 2512 853 2574 et
882 2510 935 2590 qui
969 2508 1053 2573 furta
1080 2505 1289 2591 prohibuisset

158 2614 210 2678 fur
237 2611 340 2677 uideri
368 2615 528 2677 uereretur
557 2613 588 2677 et
617 2614 670 2694 qni
692 2617 795 2698 rectae
817 2611 987 2677 soliditatis
1014 2609 1075 2676 iter
1103 2609 1289 2676 ostendisset

157 2715 351 2798 proclinioris
374 2716 488 2781 lubrici
510 2716 685 2800 periculosa
707 2713 821 2782 sectari
844 2717 877 2780 et
899 2715 997 2796 clipeo
1021 2714 1194 2780 dominicae
1215 2732 1288 2796 pro·

160 2817 304 2884 tectioris
331 2819 471 2884 armatus
505 2817 651 2884 inimicae
684 2817 882 2884 iaculationis
906 2819 971 2882 tela
999 2817 1084 2884 facili
1111 2815 1288 2899 repulsione

160 2921 423 3002 contemneretffl)
461 2920 614 2986 Volumen
649 2921 838 3002 confectum,
875 2921 925 2986 cui
957 2938 1069 2986 nomen
1101 2937 1288 2986 Pnecnnnrs

157 3041 321 3090 csnmms
355 3025 534 3106 inposuerat
547 3021 585 3106 ⁴,)
619 3025 712 3106 poeta
693 3022 926 3090 eMacedonio
958 3026 1145 3108 presbytero,
1182 3042 1288 3088 rerum

155 3146 286 3192 suerum
315 3128 370 3208 pat
371 3145 455 3198 rono
486 3125 540 3192 obt
543 3124 603 3192 ulit
623 3126 857 3210 perlegendum,
888 3126 940 3210 qni
974 3125 1098 3192 Sedulio
1126 3124 1287 3208 respondit

155 3249 193 3295 ac
215 3231 372 3314 praecepit
394 3231 431 3294 ut
454 3248 579 3297 carmen
611 3231 641 3296 in
678 3229 868 3296 rhetoricum
901 3229 1083 3295 transferret
1113 3245 1286 3293 sermonem

154 3333 270 3409 causis,
293 3334 326 3398 id
342 3332 424 3416 quod
440 3331 607 3398 dolendum
623 3336 681 3409 est,
701 3349 762 3398 non
777 3331 908 3397 adiectis
923 3331 961 3414 ⁵).
984 3333 1092 3414 Neque
1106 3348 1178 3398 uero
1195 3350 1287 3416 opera

262 3554 281 3621 ²)
312 3555 345 3608 of.
371 3555 414 3609 De
441 3554 548 3610 Sedotii
569 3560 670 3624 poetae
696 3551 758 3609 scito
785 3559 811 3609 et
834 3554 944 3624 scriptis
971 3554 1167 3611 commentatio.
1200 3552 1286 3610 Vino.

153 3643 237 3695 1878.
256 3671 288 3679 -
307 3639 408 3694 Eodem
437 3643 559 3710 spectant
585 3640 754 3710 quaestiones
778 3656 845 3710 qnae
866 3642 960 3710 postea
977 3641 1170 3695 instituerunt:
1200 3637 1229 3694 0.
1254 3637 1285 3696 L.

153 3725 310 3793 heimbach,
334 3726 420 3782 Uebcr
438 3725 492 3780 dec
510 3727 683 3783 christlicbert
699 3727 818 3782 Dichter
838 3727 948 3784 Caelius
966 3727 1096 3782 Sedolioe
1112 3724 1173 3780 used
1191 3725 1286 3780 descen

158 3811 278 3867 Carmen
296 3811 441 3896 poscitote.¹
458 3808 559 3868 Goslor
576 3814 650 3868 1879
673 3815 701 3866 et
725 3813 757 3869 G.
775 3811 901 3879 Boiseier‚
920 3812 962 3868 Le
979 3829 1090 3870 carmen
1107 3811 1240 3866 Paschatc
1258 3817 1286 3867 et

149 3899 243 3968 l'opoe
262 3899 296 3954 P.
316 3898 452 3968 (Journal
469 3897 516 3953 des
534 3897 659 3964 Sunucis,
676 3905 745 3969 sept.
762 3901 854 3965 1881).

261 4003 689 4073 ²)mmst.mMmdpb

262 4106 477 4175 ι8.ὼρι

261 4207 492 4280 ⁴)m.mpffl

262 4312 814 4382 bm.ep.mMmdmmmmle

208 4413 242 4469 K
