3142 5034
292 405 355 472 348
704 450 705 455 ,
764 403 950 474 Appendix.

291 599 322 658 et
343 599 517 673 prodigium,
540 599 657 674 signum
680 601 753 674 quod
782 601 878 660 subito
901 602 1015 660 tentum
1045 602 1090 660 est
1115 603 1145 660 et
1166 600 1239 662 nihil
1262 599 1424 674 significat.

145 702 423 776 v.1er-ncehopra.
459 701 553 776 Ispra
574 703 619 762 est
640 703 757 778 porrigo
779 703 827 762 nel
849 703 965 778 prurigo
988 701 1052 762 sine
1067 702 1209 780 ebullitio,
1230 702 1299 777 qnia
1321 704 1426 764 humor·

285 803 426 878 putridus
448 821 466 863 a
488 821 606 878 corpore
628 805 746 877 defluit;
769 805 835 880 ipsa
856 805 938 880 lepra
970 807 1147 881 portentum.
1192 805 1374 866 obscenis
1395 805 1424 864 ·i·

292 922 357 966 cnm
383 908 527 982 turpibus.
575 906 721 968 Obscenas
744 925 813 968 auen
837 909 967 984 dicimus,
991 925 1063 983 quae
1085 909 1191 970 malum
1214 925 1298 969 omen
1320 909 1347 967 ·i·
1370 926 1425 969 au-

292 1011 407 1087 gurium
429 1011 528 1071 terunt
551 1015 580 1072 et
601 1015 670 1072 tunc
691 1011 870 1086 componitur
886 1030 903 1071 a
919 1029 991 1072 cano
1015 1011 1113 1073 uerbo.
1144 1011 1293 1074 Obscenus
1309 1027 1379 1074 uero
1394 1010 1425 1070 ·i·
1447 1032 1461 1072 ⁵

291 1115 387 1189 turpis
404 1133 421 1175 a
436 1132 507 1176 ceno
530 1114 709 1190 componitur
732 1116 760 1175 ·i·
785 1116 907 1176 abluto.
942 1114 1081 1176 Reduci
1096 1116 1122 1176 ·i·
1140 1132 1286 1178 conuerso.
1321 1115 1425 1176 Redux

291 1216 397 1276 dicitur
420 1217 470 1291 qui
492 1221 527 1278 de
551 1218 647 1292 aliquo
669 1218 798 1294 periculo
821 1219 914 1279 uenit.
959 1201 1092 1278 Christus
1119 1233 1244 1293 namque
1267 1220 1313 1278 est
1334 1235 1424 1280 uerus

291 1322 437 1392 sacerdos,
460 1321 510 1395 qui
533 1337 565 1380 se
589 1321 682 1394 ipsum
705 1320 734 1379 et
754 1337 812 1380 nou
836 1319 922 1380 aliam
945 1321 1071 1381 hostiam
1092 1335 1144 1393 pro
1167 1320 1266 1380 muudi
1281 1319 1378 1382 salute
1391 1321 1423 1382 in

290 1441 343 1482 ara
376 1423 469 1483 crucis
503 1422 618 1483 obtulit.
663 1422 950 1483 Melchisedech
978 1423 1188 1498 intorpretatur
1210 1441 1260 1483 rex
1282 1423 1422 1486 iustitiae.

291 1526 422 1586 llelchus
445 1543 504 1597 rer,
528 1526 589 1585 side
610 1525 750 1596 iustitiae,
774 1527 824 1600 qui
844 1525 958 1586 nomine
982 1529 1011 1587 et
1032 1528 1099 1586 ectu
1115 1525 1261 1586 Christum
1276 1525 1460 1598 ostendit3m

291 1632 359 1691 ectu
381 1630 448 1705 quia
463 1629 596 1690 christus
618 1647 722 1704 punem
744 1633 774 1689 ct
797 1629 898 1690 uinum
920 1631 954 1690 in·
974 1631 1142 1706 mysterium
1158 1631 1286 1707 corporis
1304 1633 1335 1692 et
1350 1647 1422 1692 san-

290 1733 386 1808 guinis
409 1734 455 1794 sui
477 1733 617 1808 institnit,
650 1733 825 1793 sicutenim
854 1733 1066 1794 Melchisedech
1088 1733 1196 1809 legitur
1217 1735 1345 1809 primum
1368 1751 1423 1808 pa-

289 1853 354 1896 nem
371 1840 401 1896 ct
415 1837 514 1897 uinum
530 1837 583 1897 dec
605 1838 636 1895 in
651 1836 825 1897 sacrificium
840 1836 991 1898 obtulisse.
1025 1839 1244 1912 Importuua
1266 1837 1293 1896 ·i·
1315 1837 1423 1898 infesta

289 1957 490 2014 perseuerans.
514 1940 623 2000 Portus
644 1942 691 1999 est
713 1941 803 2001 statio
826 1943 855 1999 et
877 1937 992 2015 requies
1009 1941 1135 2016 nenium,
1159 1941 1227 2004 hinc
1248 1939 1423 2013 inportunus

289 2044 396 2103 dicitnr
418 2042 505 2117 quasi
524 2043 589 2102 sine
610 2044 698 2117 portu
719 2045 749 2102 et
772 2044 836 2104 sine
865 2044 974 2116 requie.
1019 2043 1236 2104 Vnenimum
1260 2044 1288 2102 ·i·
1311 2060 1460 2116 carum,1e

196 2215 200 2223 Ι
289 2146 388 2208 fidum.
426 2147 586 2207 Petebat
607 2163 743 2221 panem
765 2146 793 2204 ·i·
815 2147 947 2220 rogabat.
981 2147 1053 2207 Peto
1076 2147 1285 2220 teillamrem‚
1311 2147 1422 2220 etpetc

290 2249 359 2309 ate
381 2250 461 2309 illem
482 2265 552 2309 rem.
591 2249 746 2310 noricus
774 2250 929 2310 eleusis.
968 2251 1054 2311 liores
1076 2251 1192 2324 proprie
1218 2255 1285 2310 sunt
1308 2252 1421 2326 pentec,

289 2371 363 2430 quas
378 2354 451 2414 foris
467 2355 647 2429 aperiuntur,
663 2356 766 2414 uuluae
780 2370 856 2428 quae
872 2353 959 2416 intus.
982 2354 1126 2415 Obnixe
1141 2355 1167 2414 ·i·
1183 2357 1213 2414 et
1228 2353 1421 2427 confidentem

288 2459 334 2518 tot
356 2457 495 2517 adnerbia
516 2457 610 2532 ponit,
635 2460 668 2518 ut
691 2457 828 2518 ostendat
850 2456 1020 2516 instantiam
1039 2457 1187 2531 negantis.
1233 2457 1373 2518 Accola
1391 2456 1422 2518 ·i·

289 2561 460 2635 alienigena.
475 2560 583 2620 Accola
597 2561 703 2621 dicitnr
715 2560 765 2634 qni
776 2561 891 2620 aliunde
907 2562 1027 2622 ueniens
1042 2560 1168 2620 alienam
1184 2562 1289 2620 terram
1305 2559 1421 2619 incolit.
1432 2579 1458 2620 so

288 2663 504 2724 Testudine.
534 2663 659 2724 'testudo
682 2663 789 2723 dicitur
811 2663 903 2722 instar
926 2663 1013 2724 huius
1036 2662 1171 2723 animalis
1193 2663 1274 2724 lacta
1289 2662 1421 2724 testudo.

287 2767 416 2828 Testudo
439 2772 484 2828 est
506 2785 622 2828 camera
642 2784 733 2828 curua
754 2769 865 2839 domus,
889 2783 963 2840 qnae
978 2766 1008 2826 in
1023 2767 1140 2841 templis
1155 2767 1244 2826 tiebat
1260 2766 1297 2826 ad
1313 2762 1421 2826 simili-

287 2870 419 2930 tudinem
441 2887 556 2933 scenae.
594 2871 721 2930 Testudo
750 2870 839 2930 etiam
871 2869 1001 2930 densitas
1025 2872 1180 2942 scutorum,
1209 2887 1266 2942 qua
1295 2869 1422 2930 militum

288 2973 387 3047 capita
418 2977 647 3050 protegebantur
675 2975 712 3033 ad
742 2973 961 3033 similitudinem
989 2971 1123 3032 animalis
1145 2972 1314 3046 testudinis,
1344 2971 1422 3046 quod

288 3077 443 3138 durissima
475 3078 553 3136 testa
585 3076 723 3139 munitur.
767 3076 820 3135 A'd
849 3075 980 3151 peruia
1002 3075 1029 3133 ·i·
1052 3075 1089 3134 ad
1118 3073 1322 3137 rectitudinem
1351 3075 1458 3136 bonius

286 3180 391 3256 operis.
425 3179 546 3240 Pernius
561 3182 608 3239 est
629 3179 721 3254 locus,
742 3178 796 3238 ubi
812 3183 860 3240 est
874 3179 931 3242 uia.
962 3177 1101 3238 Rectus
1124 3177 1217 3240 omnis
1231 3177 1326 3253 culpa,
1344 3194 1420 3252 quae

286 3300 367 3343 rcum
390 3282 470 3342 lacit.
515 3283 689 3342 Moechus
711 3282 738 3340 ·i·
754 3281 914 3343 adulterae.
937 3281 1075 3342 Moechus
1091 3279 1197 3342 dicitur
1212 3282 1335 3353 adulter,
1350 3280 1421 3344 inde

287 3387 453 3446 mechanica
475 3402 523 3444 ars
545 3386 676 3457 uocatur,
699 3402 774 3459 quae
796 3387 881 3443 tenta
903 3385 1066 3444 subtilitate
1089 3383 1131 3460 fit,
1161 3385 1193 3443 ut
1216 3385 1314 3446 oculos
1334 3385 1419 3444 intu-

287 3489 365 3549 entis
388 3488 481 3548 fallat.
525 3489 596 3548 Per
623 3489 794 3548 claustra
816 3489 843 3545 i·
866 3505 917 3562 per
945 3491 1029 3548 orbes
1047 3489 1210 3550 bealorum.
1255 3489 1420 3548 Consen-

287 3591 419 3666 guinei
441 3591 532 3650 limi.
570 3592 713 3651 Adnotatu
740 3591 812 3650 dixit
835 3591 1051 3665 consenqninei,
1081 3591 1150 3664 quia
1172 3591 1255 3652 homo
1277 3594 1307 3650 ot
1329 3590 1457 3653 limusso

286 3695 492 3769 consanguinei
514 3695 571 3753 sibi
594 3696 664 3755 sunt
685 3695 712 3753 ·i·
737 3694 834 3756 uicini.
868 3694 943 3753 Nam
966 3695 1050 3754 homo
1073 3711 1108 3754 er
1129 3693 1198 3754 limo
1221 3693 1363 3754 formatus
1384 3692 1421 3754 iu

286 3798 386 3858 limum
400 3797 569 3859 reuertitur.
599 3799 776 3873 Mystica:
794 3797 932 3873 mysticen
950 3799 1049 3858 dicunt
1064 3797 1167 3859 Gracci
1182 3799 1333 3870 secretum,
1352 3798 1420 3856 inde

286 3901 410 3977 mystica
431 3902 571 3962 miracula
593 3901 728 3962 dicuntur
751 3900 869 3973 Christi,
899 3901 969 3976 quie
998 3902 1068 3960 licet
1091 3900 1279 3974 corporaliter
1300 3900 1419 3973 fierent,

286 4003 461 4077 spiritaliter
494 4006 593 4064 tamen
615 4004 726 4079 aliquid
749 4005 909 4064 insinuant.
954 4005 1089 4078 Natus,
1124 4006 1193 4079 quia
1219 4004 1252 4064 in
1285 4004 1418 4065 tenebris

287 4122 409 4167 eramus.
445 4107 506 4173 Iste
521 4122 624 4166 caccus
646 4124 739 4180 genus
762 4106 918 4166 humanum
941 4105 1094 4180 significet.
1129 4106 1187 4166 Per
1202 4109 1320 4181 sputum
1337 4105 1453 4180 supi-cs

287 4209 366 4269 entia
388 4211 435 4270 dei
457 4205 636 4284 designatur.
671 4209 798 4286 Spiritus
818 4210 893 4269 enim
910 4227 926 4269 a
943 4212 1038 4284 capite
1052 4210 1085 4269 in
1100 4226 1132 4269 os
1147 4211 1256 4290 definit,
1280 4209 1419 4271 similiter
