<?xml version="1.0" encoding="UTF-8"?>
<!DOCTYPE html PUBLIC "-//W3C//DTD XHTML 1.0 Transitional//EN"
    "http://www.w3.org/TR/xhtml1/DTD/xhtml1-transitional.dtd">
<html xmlns="http://www.w3.org/1999/xhtml" xml:lang="en" lang="en">
 <head>
  <title>
</title>
<meta http-equiv="Content-Type" content="text/html;charset=utf-8" />
  <meta name='ocr-system' content='tesseract 3.04.00' />
  <meta name='ocr-capabilities' content='ocr_page ocr_carea ocr_par ocr_line ocrx_word'/>
</head>
<body>
  <div class='ocr_page' id='page_1' title='image "./corpusscriptoru06wiengoog_0341.png"; bbox 0 0 3142 5034; ppageno 0'>
   <div class='ocr_carea' id='block_1_1' title="bbox 1020 505 2577 577">
    <p class='ocr_par' dir='ltr' id='par_1_1' title="bbox 1020 505 2577 577">
     <span class='ocr_line' id='line_1_1' title="bbox 1020 505 2577 577; baseline 0.006 -14"><span class='ocrx_word' id='word_1_1' title='bbox 1020 508 1323 563; x_wconf 88' lang='lat' dir='ltr'>Paschal.</span> <span class='ocrx_word' id='word_1_2' title='bbox 1359 508 1596 577; x_wconf 81' lang='lat' dir='ltr'><strong>Operis</strong></span> <span class='ocrx_word' id='word_1_3' title='bbox 1637 506 1774 562; x_wconf 88' lang='lat' dir='ltr'>Lib.</span> <span class='ocrx_word' id='word_1_4' title='bbox 1814 505 1880 561; x_wconf 88' lang='lat' dir='ltr'>V.</span> <span class='ocrx_word' id='word_1_5' title='bbox 2453 507 2577 574; x_wconf 80' lang='grc'>277</span> 
     </span>
    </p>
   </div>
   <div class='ocr_carea' id='block_1_2' title="bbox 238 696 2654 2126">
    <p class='ocr_par' dir='ltr' id='par_1_2' title="bbox 238 696 2654 2126">
     <span class='ocr_line' id='line_1_2' title="bbox 408 696 2634 785; baseline -0.002 -19"><span class='ocrx_word' id='word_1_6' title='bbox 408 700 615 785; x_wconf 79' lang='lat' dir='ltr'><strong>Igitur</strong></span> <span class='ocrx_word' id='word_1_7' title='bbox 658 702 940 785; x_wconf 78' lang='lat' dir='ltr'>operator</span> <span class='ocrx_word' id='word_1_8' title='bbox 986 701 1243 765; x_wconf 87' lang='lat' dir='ltr'>sanctus</span> <span class='ocrx_word' id='word_1_9' title='bbox 1287 699 1441 764; x_wconf 91' lang='lat' dir='ltr'>uiris</span> <span class='ocrx_word' id='word_1_10' title='bbox 1486 699 1756 766; x_wconf 85' lang='lat' dir='ltr'>traditus</span> <span class='ocrx_word' id='word_1_11' title='bbox 1803 697 2180 778; x_wconf 83' lang='lat' dir='ltr'>execrandis,</span> <span class='ocrx_word' id='word_1_12' title='bbox 2214 716 2396 781; x_wconf 91' lang='lat' dir='ltr'>opem</span> <span class='ocrx_word' id='word_1_13' title='bbox 2424 696 2575 763; x_wconf 89' lang='lat' dir='ltr'>soli·</span> <span class='ocrx_word' id='word_1_14' title='bbox 2597 701 2634 762; x_wconf 80' lang='lat'>4</span> 
     </span>
     <span class='ocr_line' id='line_1_3' title="bbox 318 800 2572 886; baseline -0.002 -15"><span class='ocrx_word' id='word_1_15' title='bbox 318 808 453 871; x_wconf 89' lang='lat' dir='ltr'>tam</span> <span class='ocrx_word' id='word_1_16' title='bbox 509 823 634 870; x_wconf 89' lang='lat' dir='ltr'>non</span> <span class='ocrx_word' id='word_1_17' title='bbox 688 801 1010 886; x_wconf 80' lang='lat' dir='ltr'>relinquit,</span> <span class='ocrx_word' id='word_1_18' title='bbox 1068 804 1174 867; x_wconf 89' lang='lat' dir='ltr'>sed</span> <span class='ocrx_word' id='word_1_19' title='bbox 1232 801 1576 867; x_wconf 82' lang='lat' dir='ltr'>auriculam</span> <span class='ocrx_word' id='word_1_20' title='bbox 1634 819 1821 884; x_wconf 89' lang='lat' dir='ltr'>puero</span> <span class='ocrx_word' id='word_1_21' title='bbox 1880 800 2192 866; x_wconf 88' lang='lat' dir='ltr'>uiolenter</span> <span class='ocrx_word' id='word_1_22' title='bbox 2243 800 2572 879; x_wconf 88' lang='lat' dir='ltr'>abscisam,</span> 
     </span>
     <span class='ocr_line' id='line_1_4' title="bbox 317 902 2574 991; baseline -0.003 -17"><span class='ocrx_word' id='word_1_23' title='bbox 317 926 510 991; x_wconf 89' lang='lat' dir='ltr'>quam</span> <span class='ocrx_word' id='word_1_24' title='bbox 555 907 729 974; x_wconf 87' lang='lat' dir='ltr'>Petri</span> <span class='ocrx_word' id='word_1_25' title='bbox 772 906 1016 989; x_wconf 80' lang='lat' dir='ltr'>gladius</span> <span class='ocrx_word' id='word_1_26' title='bbox 1058 906 1436 987; x_wconf 87' lang='lat' dir='ltr'>amputarat,</span> <span class='ocrx_word' id='word_1_27' title='bbox 1483 923 1559 969; x_wconf 91' lang='lat' dir='ltr'>ne</span> <span class='ocrx_word' id='word_1_28' title='bbox 1604 921 1725 988; x_wconf 90' lang='lat' dir='ltr'>quo</span> <span class='ocrx_word' id='word_1_29' title='bbox 1770 922 1836 969; x_wconf 89' lang='lat' dir='ltr'>se</span> <span class='ocrx_word' id='word_1_30' title='bbox 1880 902 2160 987; x_wconf 90' lang='lat' dir='ltr'>tempore</span> <span class='ocrx_word' id='word_1_31' title='bbox 2187 904 2346 986; x_wconf 12' lang='lat' dir='ltr'>,pius</span> <span class='ocrx_word' id='word_1_32' title='bbox 2375 922 2412 969; x_wconf 99' lang='lat' dir='ltr'>a</span> <span class='ocrx_word' id='word_1_33' title='bbox 2440 903 2574 987; x_wconf 90' lang='lat' dir='ltr'>pie-</span> 
     </span>
     <span class='ocr_line' id='line_1_5' title="bbox 316 1005 2574 1095; baseline -0.003 -18"><span class='ocrx_word' id='word_1_34' title='bbox 316 1012 452 1077; x_wconf 90' lang='lat' dir='ltr'>tate</span> <span class='ocrx_word' id='word_1_35' title='bbox 482 1009 906 1095; x_wconf 78' lang='lat' dir='ltr'>suspenderet,</span> <span class='ocrx_word' id='word_1_36' title='bbox 939 1008 1225 1093; x_wconf 88' lang='lat' dir='ltr'>protinus</span> <span class='ocrx_word' id='word_1_37' title='bbox 1253 1006 1537 1074; x_wconf 83' lang='lat' dir='ltr'>restituit</span> <span class='ocrx_word' id='word_1_38' title='bbox 1566 1025 1638 1073; x_wconf 90' lang='lat' dir='ltr'>ac</span> <span class='ocrx_word' id='word_1_39' title='bbox 1667 1007 1932 1073; x_wconf 88' lang='lat' dir='ltr'>sanauit.</span> <span class='ocrx_word' id='word_1_40' title='bbox 1993 1024 2106 1072; x_wconf 92' lang='lat' dir='ltr'>nec</span> <span class='ocrx_word' id='word_1_41' title='bbox 2148 1006 2316 1072; x_wconf 86' lang='lat' dir='ltr'>enim</span> <span class='ocrx_word' id='word_1_42' title='bbox 2345 1005 2574 1071; x_wconf 89' lang='lat' dir='ltr'>rationi</span> 
     </span>
     <span class='ocr_line' id='line_1_6' title="bbox 270 1108 2571 1193; baseline -0.001 -16"><span class='ocrx_word' id='word_1_43' title='bbox 270 1136 298 1176; x_wconf 85' lang='lat'>5</span> <span class='ocrx_word' id='word_1_44' title='bbox 318 1116 690 1180; x_wconf 88' lang='lat' dir='ltr'>conuenerat</span> <span class='ocrx_word' id='word_1_45' title='bbox 733 1114 1074 1178; x_wconf 88' lang='lat' dir='ltr'>humanam</span> <span class='ocrx_word' id='word_1_46' title='bbox 1119 1113 1248 1178; x_wconf 92' lang='lat' dir='ltr'>Deo</span> <span class='ocrx_word' id='word_1_47' title='bbox 1292 1110 1622 1193; x_wconf 85' lang='lat' dir='ltr'>suffragari</span> <span class='ocrx_word' id='word_1_48' title='bbox 1665 1110 2034 1189; x_wconf 90' lang='lat' dir='ltr'>uindictam,</span> <span class='ocrx_word' id='word_1_49' title='bbox 2091 1108 2198 1192; x_wconf 93' lang='lat' dir='ltr'>qui</span> <span class='ocrx_word' id='word_1_50' title='bbox 2227 1108 2350 1174; x_wconf 89' lang='lat' dir='ltr'>sibi</span> <span class='ocrx_word' id='word_1_51' title='bbox 2374 1108 2571 1192; x_wconf 88' lang='lat' dir='ltr'>patris</span> 
     </span>
     <span class='ocr_line' id='line_1_7' title="bbox 316 1211 2572 1297; baseline -0.002 -16"><span class='ocrx_word' id='word_1_52' title='bbox 316 1216 669 1282; x_wconf 86' lang='lat' dir='ltr'>defensione</span> <span class='ocrx_word' id='word_1_53' title='bbox 728 1214 1081 1281; x_wconf 85' lang='lat' dir='ltr'>transmitti</span> <span class='ocrx_word' id='word_1_54' title='bbox 1139 1213 1281 1297; x_wconf 89' lang='lat' dir='ltr'>plus</span> <span class='ocrx_word' id='word_1_55' title='bbox 1340 1212 1667 1280; x_wconf 82' lang='lat' dir='ltr'>duodecim</span> <span class='ocrx_word' id='word_1_56' title='bbox 1725 1213 1906 1278; x_wconf 89' lang='lat' dir='ltr'>milia</span> <span class='ocrx_word' id='word_1_57' title='bbox 1949 1212 2218 1297; x_wconf 85' lang='lat' dir='ltr'>legiones</span> <span class='ocrx_word' id='word_1_58' title='bbox 2262 1211 2572 1296; x_wconf 86' lang='lat' dir='ltr'>angelicas</span> 
     </span>
     <span class='ocr_line' id='line_1_8' title="bbox 313 1315 2570 1403; baseline -0.001 -19"><span class='ocrx_word' id='word_1_59' title='bbox 313 1319 563 1403; x_wconf 88' lang='lat' dir='ltr'>poterat</span> <span class='ocrx_word' id='word_1_60' title='bbox 603 1319 937 1402; x_wconf 87' lang='lat' dir='ltr'>postulare,</span> <span class='ocrx_word' id='word_1_61' title='bbox 983 1316 1040 1382; x_wconf 90' lang='lat' dir='ltr'>si</span> <span class='ocrx_word' id='word_1_62' title='bbox 1085 1315 1304 1382; x_wconf 89' lang='lat' dir='ltr'>mallet</span> <span class='ocrx_word' id='word_1_63' title='bbox 1348 1317 1424 1382; x_wconf 87' lang='lat' dir='ltr'>de</span> <span class='ocrx_word' id='word_1_64' title='bbox 1468 1317 1790 1382; x_wconf 86' lang='lat' dir='ltr'>sceleratis</span> <span class='ocrx_word' id='word_1_65' title='bbox 1834 1332 2062 1399; x_wconf 88' lang='lat' dir='ltr'>poenas</span> <span class='ocrx_word' id='word_1_66' title='bbox 2109 1316 2350 1400; x_wconf 83' lang='lat' dir='ltr'>exigere</span> <span class='ocrx_word' id='word_1_67' title='bbox 2381 1332 2570 1398; x_wconf 88' lang='lat' dir='ltr'>quam</span> 
     </span>
     <span class='ocr_line' id='line_1_9' title="bbox 314 1418 2624 1502; baseline -0.001 -15"><span class='ocrx_word' id='word_1_68' title='bbox 314 1440 463 1489; x_wconf 89' lang='lat' dir='ltr'>suae</span> <span class='ocrx_word' id='word_1_69' title='bbox 508 1422 716 1488; x_wconf 89' lang='lat' dir='ltr'>caedis</span> <span class='ocrx_word' id='word_1_70' title='bbox 760 1420 1057 1487; x_wconf 89' lang='lat' dir='ltr'>iniuriam</span> <span class='ocrx_word' id='word_1_71' title='bbox 1100 1421 1389 1486; x_wconf 84' lang='lat' dir='ltr'>relaxare.</span> <span class='ocrx_word' id='word_1_72' title='bbox 1464 1418 1640 1486; x_wconf 90' lang='lat' dir='ltr'>iubet</span> <span class='ocrx_word' id='word_1_73' title='bbox 1685 1418 1837 1484; x_wconf 86' lang='lat' dir='ltr'>nudi</span> <span class='ocrx_word' id='word_1_74' title='bbox 1896 1419 2208 1484; x_wconf 83' lang='lat' dir='ltr'>mucronis</span> <span class='ocrx_word' id='word_1_75' title='bbox 2241 1436 2386 1502; x_wconf 91' lang='lat' dir='ltr'>ergo</span> <span class='ocrx_word' id='word_1_76' title='bbox 2415 1420 2569 1483; x_wconf 87' lang='lat' dir='ltr'>tunc</span> <span class='ocrx_word' id='word_1_77' title='bbox 2590 1424 2624 1485; x_wconf 75' lang='lat'>5</span> 
     </span>
     <span class='ocr_line' id='line_1_10' title="bbox 313 1521 2566 1610; baseline -0.002 -20"><span class='ocrx_word' id='word_1_78' title='bbox 313 1525 513 1592; x_wconf 82' lang='lat' dir='ltr'>aciem</span> <span class='ocrx_word' id='word_1_79' title='bbox 559 1526 785 1610; x_wconf 88' lang='lat' dir='ltr'>uagina</span> <span class='ocrx_word' id='word_1_80' title='bbox 829 1525 1010 1590; x_wconf 90' lang='lat' dir='ltr'>condi</span> <span class='ocrx_word' id='word_1_81' title='bbox 1056 1524 1331 1602; x_wconf 86' lang='lat' dir='ltr'>custode,</span> <span class='ocrx_word' id='word_1_82' title='bbox 1380 1523 1675 1607; x_wconf 90' lang='lat' dir='ltr'>quoniam</span> <span class='ocrx_word' id='word_1_83' title='bbox 1717 1522 1851 1606; x_wconf 92' lang='lat' dir='ltr'>ipse</span> <span class='ocrx_word' id='word_1_84' title='bbox 1895 1521 2184 1588; x_wconf 87' lang='lat' dir='ltr'>uidelicet</span> <span class='ocrx_word' id='word_1_85' title='bbox 2230 1537 2412 1587; x_wconf 88' lang='lat' dir='ltr'>suam</span> <span class='ocrx_word' id='word_1_86' title='bbox 2455 1537 2566 1603; x_wconf 88' lang='lat' dir='ltr'>pro</span> 
     </span>
     <span class='ocr_line' id='line_1_11' title="bbox 238 1622 2568 1709; baseline -0.002 -16"><span class='ocrx_word' id='word_1_87' title='bbox 238 1654 292 1693; x_wconf 79' lang='grc' dir='ltr'>ιο</span> <span class='ocrx_word' id='word_1_88' title='bbox 312 1631 552 1695; x_wconf 89' lang='lat' dir='ltr'>cunctis</span> <span class='ocrx_word' id='word_1_89' title='bbox 619 1629 893 1694; x_wconf 88' lang='lat' dir='ltr'>animam</span> <span class='ocrx_word' id='word_1_90' title='bbox 960 1645 1210 1709; x_wconf 90' lang='lat' dir='ltr'>ponere,</span> <span class='ocrx_word' id='word_1_91' title='bbox 1280 1644 1401 1692; x_wconf 92' lang='lat' dir='ltr'>non</span> <span class='ocrx_word' id='word_1_92' title='bbox 1468 1626 1731 1693; x_wconf 89' lang='lat' dir='ltr'>uenerat</span> <span class='ocrx_word' id='word_1_93' title='bbox 1795 1626 2054 1691; x_wconf 87' lang='lat' dir='ltr'>alicuius</span> <span class='ocrx_word' id='word_1_94' title='bbox 2121 1624 2372 1708; x_wconf 88' lang='lat' dir='ltr'>eripere.</span> <span class='ocrx_word' id='word_1_95' title='bbox 2446 1622 2568 1706; x_wconf 86' lang='lat' dir='ltr'>ipsi</span> 
     </span>
     <span class='ocr_line' id='line_1_12' title="bbox 313 1729 2654 1815; baseline -0.002 -19"><span class='ocrx_word' id='word_1_96' title='bbox 313 1750 583 1815; x_wconf 90' lang='lat' dir='ltr'>namque</span> <span class='ocrx_word' id='word_1_97' title='bbox 638 1733 788 1798; x_wconf 87' lang='lat' dir='ltr'>tunc</span> <span class='ocrx_word' id='word_1_98' title='bbox 841 1734 1029 1797; x_wconf 89' lang='lat' dir='ltr'>Petro</span> <span class='ocrx_word' id='word_1_99' title='bbox 1088 1731 1422 1798; x_wconf 88' lang='lat' dir='ltr'>confidenti</span> <span class='ocrx_word' id='word_1_100' title='bbox 1478 1748 1628 1797; x_wconf 91' lang='lat' dir='ltr'>uoce</span> <span class='ocrx_word' id='word_1_101' title='bbox 1685 1730 1968 1813; x_wconf 89' lang='lat' dir='ltr'>pollicito</span> <span class='ocrx_word' id='word_1_102' title='bbox 2034 1729 2198 1794; x_wconf 91' lang='lat' dir='ltr'>uelle</span> <span class='ocrx_word' id='word_1_103' title='bbox 2242 1747 2377 1795; x_wconf 89' lang='lat' dir='ltr'>sese</span> <span class='ocrx_word' id='word_1_104' title='bbox 2422 1745 2565 1794; x_wconf 88' lang='lat' dir='ltr'>cum</span> <span class='ocrx_word' id='word_1_105' title='bbox 2652 1788 2654 1791; x_wconf 75' lang='grc'>,</span> 
     </span>
     <span class='ocr_line' id='line_1_13' title="bbox 311 1830 2563 1916; baseline -0.002 -16"><span class='ocrx_word' id='word_1_106' title='bbox 311 1834 584 1901; x_wconf 90' lang='lat' dir='ltr'>Domino</span> <span class='ocrx_word' id='word_1_107' title='bbox 614 1839 677 1901; x_wconf 90' lang='lat' dir='ltr'>et</span> <span class='ocrx_word' id='word_1_108' title='bbox 704 1837 866 1901; x_wconf 90' lang='lat' dir='ltr'>mori</span> <span class='ocrx_word' id='word_1_109' title='bbox 920 1835 1108 1901; x_wconf 80' lang='lat' dir='ltr'>dixit:</span> <span class='ocrx_word' id='word_1_110' title='bbox 1155 1854 1407 1912; x_wconf 88' lang='lat' dir='ltr'>amen,</span> <span class='ocrx_word' id='word_1_111' title='bbox 1454 1852 1707 1912; x_wconf 79' lang='lat' dir='ltr'>amen,</span> <span class='ocrx_word' id='word_1_112' title='bbox 1744 1835 1917 1900; x_wconf 92' lang='lat' dir='ltr'>dico</span> <span class='ocrx_word' id='word_1_113' title='bbox 1962 1833 2148 1908; x_wconf 86' lang='lat' dir='ltr'>tibi,</span> <span class='ocrx_word' id='word_1_114' title='bbox 2196 1830 2563 1916; x_wconf 90' lang='lat' dir='ltr'>quoniam</span> 
     </span>
     <span class='ocr_line' id='line_1_14' title="bbox 306 1936 2561 2021; baseline -0.002 -19"><span class='ocrx_word' id='word_1_115' title='bbox 306 1954 456 2003; x_wconf 92' lang='lat' dir='ltr'>non</span> <span class='ocrx_word' id='word_1_116' title='bbox 512 1938 878 2005; x_wconf 79' lang='lat' dir='ltr'>cantabit</span> <span class='ocrx_word' id='word_1_117' title='bbox 944 1938 1176 2005; x_wconf 90' lang='lat' dir='ltr'>hodie</span> <span class='ocrx_word' id='word_1_118' title='bbox 1233 1938 1535 2021; x_wconf 74' lang='lat' dir='ltr'>ganne,</span> <span class='ocrx_word' id='word_1_119' title='bbox 1597 1938 1844 2003; x_wconf 90' lang='lat' dir='ltr'>donec</span> <span class='ocrx_word' id='word_1_120' title='bbox 1888 1937 1970 2001; x_wconf 92' lang='lat' dir='ltr'>tu</span> <span class='ocrx_word' id='word_1_121' title='bbox 2014 1937 2136 2002; x_wconf 91' lang='lat' dir='ltr'>ter</span> <span class='ocrx_word' id='word_1_122' title='bbox 2180 1953 2293 2000; x_wconf 88' lang='lat' dir='ltr'>me</span> <span class='ocrx_word' id='word_1_123' title='bbox 2337 1936 2561 2000; x_wconf 90' lang='lat' dir='ltr'>abne-</span> 
     </span>
     <span class='ocr_line' id='line_1_15' title="bbox 302 2036 2558 2126; baseline -0.002 -21"><span class='ocrx_word' id='word_1_124' title='bbox 302 2058 475 2123; x_wconf 78' lang='lat' dir='ltr'>geS,</span> <span class='ocrx_word' id='word_1_125' title='bbox 520 2059 644 2107; x_wconf 94' lang='lat' dir='ltr'>non</span> <span class='ocrx_word' id='word_1_126' title='bbox 687 2042 1073 2107; x_wconf 90' lang='lat' dir='ltr'>infidelitatis</span> <span class='ocrx_word' id='word_1_127' title='bbox 1121 2040 1289 2107; x_wconf 87' lang='lat' dir='ltr'>hunc</span> <span class='ocrx_word' id='word_1_128' title='bbox 1318 2059 1606 2126; x_wconf 78' lang='lat' dir='ltr'>arguenS,</span> <span class='ocrx_word' id='word_1_129' title='bbox 1655 2042 1762 2107; x_wconf 89' lang='lat' dir='ltr'>sed</span> <span class='ocrx_word' id='word_1_130' title='bbox 1790 2044 2030 2105; x_wconf 88' lang='lat' dir='ltr'>metum</span> <span class='ocrx_word' id='word_1_131' title='bbox 2059 2038 2322 2105; x_wconf 81' lang='lat' dir='ltr'>&#39;futurae</span> <span class='ocrx_word' id='word_1_132' title='bbox 2368 2036 2558 2119; x_wconf 90' lang='lat' dir='ltr'>trepi-</span> 
     </span>
    </p>
   </div>
   <div class='ocr_carea' id='block_1_3' title="bbox 235 2143 920 2226">
    <p class='ocr_par' dir='ltr' id='par_1_3' title="bbox 235 2143 920 2226">
     <span class='ocr_line' id='line_1_16' title="bbox 235 2143 920 2226; baseline 0 -18"><span class='ocrx_word' id='word_1_133' title='bbox 235 2168 286 2209; x_wconf 72' lang='grc' dir='ltr'>ιε»</span> <span class='ocrx_word' id='word_1_134' title='bbox 302 2143 573 2209; x_wconf 90' lang='lat' dir='ltr'>dationis</span> <span class='ocrx_word' id='word_1_135' title='bbox 618 2144 920 2226; x_wconf 89' lang='lat' dir='ltr'>aperiens.</span> 
     </span>
    </p>
   </div>
   <div class='ocr_carea' id='block_1_4' title="bbox 302 2262 2620 2452">
    <p class='ocr_par' dir='ltr' id='par_1_4' title="bbox 302 2262 2620 2452">
     <span class='ocr_line' id='line_1_17' title="bbox 390 2262 2620 2349; baseline -0.001 -18"><span class='ocrx_word' id='word_1_136' title='bbox 390 2266 538 2331; x_wconf 82' lang='lat' dir='ltr'>Mox</span> <span class='ocrx_word' id='word_1_137' title='bbox 603 2265 683 2331; x_wconf 91' lang='lat' dir='ltr'>ad</span> <span class='ocrx_word' id='word_1_138' title='bbox 746 2264 1017 2349; x_wconf 83' lang='lat' dir='ltr'>Caiphae</span> <span class='ocrx_word' id='word_1_139' title='bbox 1084 2265 1385 2331; x_wconf 88' lang='lat' dir='ltr'>deductus</span> <span class='ocrx_word' id='word_1_140' title='bbox 1452 2266 1546 2329; x_wconf 90' lang='lat' dir='ltr'>est</span> <span class='ocrx_word' id='word_1_141' title='bbox 1615 2263 1812 2343; x_wconf 87' lang='lat' dir='ltr'>aedes,</span> <span class='ocrx_word' id='word_1_142' title='bbox 1878 2264 1985 2346; x_wconf 90' lang='lat' dir='ltr'>qui</span> <span class='ocrx_word' id='word_1_143' title='bbox 2050 2262 2366 2348; x_wconf 85' lang='lat' dir='ltr'>religionis</span> <span class='ocrx_word' id='word_1_144' title='bbox 2430 2262 2559 2328; x_wconf 89' lang='lat' dir='ltr'>ritu</span> <span class='ocrx_word' id='word_1_145' title='bbox 2580 2275 2620 2336; x_wconf 70' lang='lat' dir='ltr'>o</span> 
     </span>
     <span class='ocr_line' id='line_1_18' title="bbox 302 2366 2556 2452; baseline -0 -20"><span class='ocrx_word' id='word_1_146' title='bbox 302 2366 596 2434; x_wconf 81' lang='lat' dir='ltr'>Iudaicae</span> <span class='ocrx_word' id='word_1_147' title='bbox 651 2369 934 2452; x_wconf 88' lang='lat' dir='ltr'>princeps</span> <span class='ocrx_word' id='word_1_148' title='bbox 990 2368 1106 2433; x_wconf 87' lang='lat' dir='ltr'>illa</span> <span class='ocrx_word' id='word_1_149' title='bbox 1164 2366 1417 2451; x_wconf 86' lang='lat' dir='ltr'>quidem</span> <span class='ocrx_word' id='word_1_150' title='bbox 1461 2367 1834 2451; x_wconf 85' lang='lat' dir='ltr'>tempestate</span> <span class='ocrx_word' id='word_1_151' title='bbox 1880 2367 2086 2433; x_wconf 85' lang='lat' dir='ltr'>fuerat</span> <span class='ocrx_word' id='word_1_152' title='bbox 2130 2369 2556 2441; x_wconf 81' lang='lat' dir='ltr'>sacerdotum3</span> 
     </span>
    </p>
   </div>
   <div class='ocr_carea' id='block_1_5' title="bbox 226 2470 2584 2761">
    <p class='ocr_par' dir='ltr' id='par_1_5' title="bbox 226 2470 2584 2761">
     <span class='ocr_line' id='line_1_19' title="bbox 302 2470 2556 2553; baseline 0 -19"><span class='ocrx_word' id='word_1_153' title='bbox 302 2470 413 2537; x_wconf 87' lang='lat' dir='ltr'>sed</span> <span class='ocrx_word' id='word_1_154' title='bbox 480 2472 546 2536; x_wconf 93' lang='lat' dir='ltr'>in</span> <span class='ocrx_word' id='word_1_155' title='bbox 600 2470 900 2537; x_wconf 85' lang='lat' dir='ltr'>cathedra</span> <span class='ocrx_word' id='word_1_156' title='bbox 953 2470 1347 2553; x_wconf 86' lang='lat' dir='ltr'>pestilentiae</span> <span class='ocrx_word' id='word_1_157' title='bbox 1406 2489 1549 2538; x_wconf 89' lang='lat' dir='ltr'>cum</span> <span class='ocrx_word' id='word_1_158' title='bbox 1605 2470 1845 2537; x_wconf 86' lang='lat' dir='ltr'>sederet</span> <span class='ocrx_word' id='word_1_159' title='bbox 1891 2475 1954 2536; x_wconf 88' lang='lat' dir='ltr'>et</span> <span class='ocrx_word' id='word_1_160' title='bbox 2021 2471 2089 2536; x_wconf 93' lang='lat' dir='ltr'>in</span> <span class='ocrx_word' id='word_1_161' title='bbox 2156 2472 2556 2553; x_wconf 86' lang='lat' dir='ltr'>peccatorum</span> 
     </span>
     <span class='ocr_line' id='line_1_20' title="bbox 298 2572 2584 2659; baseline -0.001 -20"><span class='ocrx_word' id='word_1_162' title='bbox 298 2574 405 2639; x_wconf 88' lang='lat' dir='ltr'>uia</span> <span class='ocrx_word' id='word_1_163' title='bbox 478 2575 858 2653; x_wconf 82' lang='lat' dir='ltr'>consisteret,</span> <span class='ocrx_word' id='word_1_164' title='bbox 949 2574 1370 2659; x_wconf 88' lang='lat' dir='ltr'>principatum</span> <span class='ocrx_word' id='word_1_165' title='bbox 1447 2574 1775 2640; x_wconf 88' lang='lat' dir='ltr'>uidebatur</span> <span class='ocrx_word' id='word_1_166' title='bbox 1849 2574 2150 2640; x_wconf 88' lang='lat' dir='ltr'>scelerum</span> <span class='ocrx_word' id='word_1_167' title='bbox 2225 2572 2584 2656; x_wconf 58' lang='lat' dir='ltr'>possidere.⁸</span> 
     </span>
     <span class='ocr_line' id='line_1_21' title="bbox 226 2674 2555 2761; baseline -0.001 -18"><span class='ocrx_word' id='word_1_168' title='bbox 226 2702 281 2745; x_wconf 60' lang='grc' dir='ltr'>πο</span> <span class='ocrx_word' id='word_1_169' title='bbox 300 2676 633 2743; x_wconf 86' lang='lat' dir='ltr'>concilium</span> <span class='ocrx_word' id='word_1_170' title='bbox 691 2678 997 2760; x_wconf 90' lang='lat' dir='ltr'>siquidem</span> <span class='ocrx_word' id='word_1_171' title='bbox 1054 2677 1359 2743; x_wconf 88' lang='lat' dir='ltr'>uiolenter</span> <span class='ocrx_word' id='word_1_172' title='bbox 1419 2677 1670 2745; x_wconf 90' lang='lat' dir='ltr'>accendi</span> <span class='ocrx_word' id='word_1_173' title='bbox 1717 2679 1781 2744; x_wconf 90' lang='lat' dir='ltr'>et</span> <span class='ocrx_word' id='word_1_174' title='bbox 1824 2676 2000 2745; x_wconf 83' lang='lat' dir='ltr'>falsis</span> <span class='ocrx_word' id='word_1_175' title='bbox 2047 2677 2331 2761; x_wconf 88' lang='lat' dir='ltr'>coeperat</span> <span class='ocrx_word' id='word_1_176' title='bbox 2375 2674 2555 2741; x_wconf 86' lang='lat' dir='ltr'>testi-</span> 
     </span>
    </p>
   </div>
   <div class='ocr_carea' id='block_1_6' title="bbox 505 2896 1690 2964">
    <p class='ocr_par' dir='ltr' id='par_1_6' title="bbox 505 2896 1690 2964">
     <span class='ocr_line' id='line_1_22' title="bbox 505 2896 1690 2964; baseline 0.001 -12"><span class='ocrx_word' id='word_1_177' title='bbox 505 2896 569 2952; x_wconf 85' lang='lat'>12</span> <span class='ocrx_word' id='word_1_178' title='bbox 605 2896 673 2951; x_wconf 86' lang='lat' dir='ltr'>cf.</span> <span class='ocrx_word' id='word_1_179' title='bbox 708 2896 905 2952; x_wconf 82' lang='lat' dir='ltr'>Matth.</span> <span class='ocrx_word' id='word_1_180' title='bbox 942 2898 1027 2962; x_wconf 87' lang='grc'>26,</span> <span class='ocrx_word' id='word_1_181' title='bbox 1062 2897 1131 2952; x_wconf 88' lang='grc'>34</span> <span class='ocrx_word' id='word_1_182' title='bbox 1336 2896 1463 2952; x_wconf 89' lang='lat' dir='ltr'>Luc.</span> <span class='ocrx_word' id='word_1_183' title='bbox 1499 2897 1586 2964; x_wconf 85' lang='lat'>22,</span> <span class='ocrx_word' id='word_1_184' title='bbox 1621 2898 1690 2953; x_wconf 79' lang='lat'>34</span> 
     </span>
    </p>
   </div>
   <div class='ocr_carea' id='block_1_7' title="bbox 288 3103 2554 3947">
    <p class='ocr_par' dir='ltr' id='par_1_7' title="bbox 288 3103 2554 3947">
     <span class='ocr_line' id='line_1_23' title="bbox 400 3103 2554 3174; baseline 0.002 -17"><span class='ocrx_word' id='word_1_185' title='bbox 400 3106 430 3158; x_wconf 93' lang='lat'>1</span> <span class='ocrx_word' id='word_1_186' title='bbox 476 3118 549 3157; x_wconf 79' lang='lat' dir='ltr'>nn</span> <span class='ocrx_word' id='word_1_187' title='bbox 596 3116 880 3158; x_wconf 71' lang='lat' dir='ltr'>Avnrcvm</span> <span class='ocrx_word' id='word_1_188' title='bbox 928 3117 1102 3158; x_wconf 79' lang='lat' dir='ltr'>rvmu</span> <span class='ocrx_word' id='word_1_189' title='bbox 1150 3117 1508 3159; x_wconf 67' lang='lat' dir='ltr'>mrvzmrma</span> <span class='ocrx_word' id='word_1_190' title='bbox 1552 3104 1632 3171; x_wconf 85' lang='lat' dir='ltr'>R,</span> <span class='ocrx_word' id='word_1_191' title='bbox 1701 3103 1997 3159; x_wconf 84' lang='lat' dir='ltr'>auriculam</span> <span class='ocrx_word' id='word_1_192' title='bbox 2043 3120 2200 3174; x_wconf 88' lang='lat' dir='ltr'>puero</span> <span class='ocrx_word' id='word_1_193' title='bbox 2239 3106 2424 3174; x_wconf 83' lang='lat' dir='ltr'>petrus</span> <span class='ocrx_word' id='word_1_194' title='bbox 2459 3104 2554 3161; x_wconf 87' lang='lat' dir='ltr'>ab·</span> 
     </span>
     <span class='ocr_line' id='line_1_24' title="bbox 294 3187 2553 3261; baseline 0.002 -18"><span class='ocrx_word' id='word_1_195' title='bbox 294 3188 496 3245; x_wconf 89' lang='lat' dir='ltr'>scindit</span> <span class='ocrx_word' id='word_1_196' title='bbox 529 3190 645 3243; x_wconf 84' lang='lat' dir='ltr'>vH</span> <span class='ocrx_word' id='word_1_197' title='bbox 673 3187 1017 3259; x_wconf 83' lang='lat' dir='ltr'>(absciditur)</span> <span class='ocrx_word' id='word_1_198' title='bbox 1234 3188 1468 3244; x_wconf 82' lang='lat' dir='ltr'>traditur</span> <span class='ocrx_word' id='word_1_199' title='bbox 1502 3190 1570 3244; x_wconf 91' lang='lat' dir='ltr'><strong><em>H</em></strong></span> <span class='ocrx_word' id='word_1_200' title='bbox 1777 3190 1812 3245; x_wconf 88' lang='grc'><strong>2</strong></span> <span class='ocrx_word' id='word_1_201' title='bbox 1847 3190 2070 3259; x_wconf 89' lang='lat' dir='ltr'>reliquit</span> <span class='ocrx_word' id='word_1_202' title='bbox 2105 3191 2218 3256; x_wconf 81' lang='lat' dir='ltr'>Pv,</span> <span class='ocrx_word' id='word_1_203' title='bbox 2278 3190 2553 3261; x_wconf 84' lang='lat' dir='ltr'>relinquid</span> 
     </span>
     <span class='ocr_line' id='line_1_25' title="bbox 292 3274 2552 3346; baseline 0.001 -17"><span class='ocrx_word' id='word_1_204' title='bbox 292 3276 356 3329; x_wconf 91' lang='lat' dir='ltr'><strong><em>H</em></strong></span> <span class='ocrx_word' id='word_1_205' title='bbox 372 3315 385 3342; x_wconf 91' lang='lat'>,</span> <span class='ocrx_word' id='word_1_206' title='bbox 421 3274 741 3343; x_wconf 79' lang='lat' dir='ltr'>dereliquid</span> <span class='ocrx_word' id='word_1_207' title='bbox 792 3275 848 3328; x_wconf 94' lang='grc' dir='ltr'><strong><em>Β</em></strong></span> <span class='ocrx_word' id='word_1_208' title='bbox 1054 3275 1279 3329; x_wconf 87' lang='lat' dir='ltr'>ascisam</span> <span class='ocrx_word' id='word_1_209' title='bbox 1336 3274 1403 3329; x_wconf 87' lang='lat' dir='ltr'><strong><em>H</em></strong></span> <span class='ocrx_word' id='word_1_210' title='bbox 1603 3277 1637 3330; x_wconf 87' lang='lat'><strong>3</strong></span> <span class='ocrx_word' id='word_1_211' title='bbox 1689 3278 1996 3345; x_wconf 87' lang='lat' dir='ltr'>amputaret</span> <span class='ocrx_word' id='word_1_212' title='bbox 2041 3277 2186 3342; x_wconf 87' lang='grc' dir='ltr'>ΗΒ,</span> <span class='ocrx_word' id='word_1_213' title='bbox 2246 3278 2552 3346; x_wconf 83' lang='lat' dir='ltr'>amputauit</span> 
     </span>
     <span class='ocr_line' id='line_1_26' title="bbox 292 3362 2422 3433; baseline 0.001 -16"><span class='ocrx_word' id='word_1_214' title='bbox 292 3378 326 3417; x_wconf 83' lang='lat' dir='ltr'><em>v</em></span> <span class='ocrx_word' id='word_1_215' title='bbox 498 3376 721 3429; x_wconf 55' lang='lat' dir='ltr'>nequa-sav</span> <span class='ocrx_word' id='word_1_216' title='bbox 756 3362 845 3427; x_wconf 89' lang='lat' dir='ltr'>H,</span> <span class='ocrx_word' id='word_1_217' title='bbox 908 3376 976 3415; x_wconf 86' lang='lat' dir='ltr'>ne</span> <span class='ocrx_word' id='word_1_218' title='bbox 999 3376 1174 3430; x_wconf 85' lang='lat' dir='ltr'>quaeso</span> <span class='ocrx_word' id='word_1_219' title='bbox 1211 3362 1249 3416; x_wconf 88' lang='lat'><strong><em>1</em></strong></span> <span class='ocrx_word' id='word_1_220' title='bbox 1430 3363 1466 3417; x_wconf 83' lang='lat'>4</span> <span class='ocrx_word' id='word_1_221' title='bbox 1480 3368 1610 3431; x_wconf 76' lang='lat' dir='ltr'>post</span> <span class='ocrx_word' id='word_1_222' title='bbox 1635 3365 1992 3433; x_wconf 86' lang='lat' dir='ltr'>suspenderet,</span> <span class='ocrx_word' id='word_1_223' title='bbox 2019 3368 2072 3418; x_wconf 90' lang='lat' dir='ltr'>et</span> <span class='ocrx_word' id='word_1_224' title='bbox 2101 3379 2242 3420; x_wconf 81' lang='lat' dir='ltr'>eras.</span> <span class='ocrx_word' id='word_1_225' title='bbox 2265 3366 2330 3419; x_wconf 77' lang='lat' dir='ltr'>in</span> <span class='ocrx_word' id='word_1_226' title='bbox 2351 3365 2422 3419; x_wconf 92' lang='lat' dir='ltr'><strong><em>H</em></strong></span> 
     </span>
     <span class='ocr_line' id='line_1_27' title="bbox 291 3446 2422 3518; baseline 0.002 -17"><span class='ocrx_word' id='word_1_227' title='bbox 291 3447 491 3501; x_wconf 85' lang='lat' dir='ltr'>restuit</span> <span class='ocrx_word' id='word_1_228' title='bbox 523 3448 580 3501; x_wconf 91' lang='lat' dir='ltr'><strong><em>B</em></strong></span> <span class='ocrx_word' id='word_1_229' title='bbox 774 3446 1033 3501; x_wconf 90' lang='lat' dir='ltr'>rationem</span> <span class='ocrx_word' id='word_1_230' title='bbox 1069 3448 1134 3513; x_wconf 91' lang='lat' dir='ltr'>P,</span> <span class='ocrx_word' id='word_1_231' title='bbox 1186 3447 1394 3501; x_wconf 88' lang='lat' dir='ltr'>ratione</span> <span class='ocrx_word' id='word_1_232' title='bbox 1428 3446 1485 3503; x_wconf 80' lang='lat' dir='ltr'><em>R</em></span> <span class='ocrx_word' id='word_1_233' title='bbox 1673 3450 1706 3503; x_wconf 88' lang='lat'>5</span> <span class='ocrx_word' id='word_1_234' title='bbox 1741 3448 2026 3503; x_wconf 75' lang='lat' dir='ltr'>hummam</span> <span class='ocrx_word' id='word_1_235' title='bbox 2063 3453 2118 3518; x_wconf 87' lang='lat' dir='ltr'>(a</span> <span class='ocrx_word' id='word_1_236' title='bbox 2152 3452 2315 3517; x_wconf 77' lang='lat' dir='ltr'>eras.)</span> <span class='ocrx_word' id='word_1_237' title='bbox 2349 3450 2422 3505; x_wconf 88' lang='lat' dir='ltr'><strong><em>H</em></strong></span> 
     </span>
     <span class='ocr_line' id='line_1_28' title="bbox 291 3532 2550 3605; baseline 0.001 -17"><span class='ocrx_word' id='word_1_238' title='bbox 291 3534 325 3587; x_wconf 89' lang='grc'>6</span> <span class='ocrx_word' id='word_1_239' title='bbox 356 3533 488 3600; x_wconf 77' lang='lat' dir='ltr'>fort.</span> <span class='ocrx_word' id='word_1_240' title='bbox 524 3532 885 3587; x_wconf 86' lang='lat' dir='ltr'>defensionem</span> <span class='ocrx_word' id='word_1_241' title='bbox 1074 3533 1204 3601; x_wconf 77' lang='lat' dir='ltr'>ph*s</span> <span class='ocrx_word' id='word_1_242' title='bbox 1239 3533 1310 3587; x_wconf 92' lang='lat' dir='ltr'><strong><em>H</em></strong></span> <span class='ocrx_word' id='word_1_243' title='bbox 1490 3533 1603 3588; x_wconf 88' lang='lat' dir='ltr'>XII</span> <span class='ocrx_word' id='word_1_244' title='bbox 1640 3539 1692 3587; x_wconf 82' lang='lat' dir='ltr'>ci</span> <span class='ocrx_word' id='word_1_245' title='bbox 1728 3534 1796 3601; x_wconf 91' lang='lat' dir='ltr'>P,</span> <span class='ocrx_word' id='word_1_246' title='bbox 1855 3533 1967 3588; x_wconf 89' lang='lat' dir='ltr'>XII</span> <span class='ocrx_word' id='word_1_247' title='bbox 2003 3534 2059 3589; x_wconf 87' lang='lat' dir='ltr'><em>R</em></span> <span class='ocrx_word' id='word_1_248' title='bbox 2241 3536 2550 3605; x_wconf 83' lang='lat' dir='ltr'>angelicorii</span> 
     </span>
     <span class='ocr_line' id='line_1_29' title="bbox 289 3618 2548 3677; baseline 0.002 -6"><span class='ocrx_word' id='word_1_249' title='bbox 289 3618 360 3671; x_wconf 95' lang='lat' dir='ltr'><strong><em>H</em></strong></span> <span class='ocrx_word' id='word_1_250' title='bbox 523 3618 554 3671; x_wconf 80' lang='lat'>7</span> <span class='ocrx_word' id='word_1_251' title='bbox 590 3618 757 3673; x_wconf 86' lang='lat' dir='ltr'>malet</span> <span class='ocrx_word' id='word_1_252' title='bbox 791 3618 847 3673; x_wconf 91' lang='grc' dir='ltr'><strong><em>Β</em></strong></span> <span class='ocrx_word' id='word_1_253' title='bbox 1017 3618 1051 3671; x_wconf 92' lang='grc'>8</span> <span class='ocrx_word' id='word_1_254' title='bbox 1084 3633 1186 3674; x_wconf 78' lang='lat' dir='ltr'>vnr</span> <span class='ocrx_word' id='word_1_255' title='bbox 1219 3633 1372 3673; x_wconf 78' lang='lat' dir='ltr'>mon·</span> <span class='ocrx_word' id='word_1_256' title='bbox 1395 3634 1576 3674; x_wconf 67' lang='lat' dir='ltr'>furno</span> <span class='ocrx_word' id='word_1_257' title='bbox 1613 3634 1870 3674; x_wconf 73' lang='lat' dir='ltr'>ancorum</span> <span class='ocrx_word' id='word_1_258' title='bbox 1907 3634 2168 3675; x_wconf 61' lang='grc' dir='ltr'>πψτη(</span> <span class='ocrx_word' id='word_1_259' title='bbox 2202 3636 2271 3674; x_wconf 72' lang='lat' dir='ltr'>nr</span> <span class='ocrx_word' id='word_1_260' title='bbox 2294 3635 2548 3677; x_wconf 66' lang='lat' dir='ltr'>neman</span> 
     </span>
     <span class='ocr_line' id='line_1_30' title="bbox 288 3703 2549 3775; baseline 0.001 -14"><span class='ocrx_word' id='word_1_261' title='bbox 288 3704 415 3761; x_wconf 85' lang='lat' dir='ltr'>RH</span> <span class='ocrx_word' id='word_1_262' title='bbox 444 3703 710 3773; x_wconf 70' lang='lat' dir='ltr'>(uagina),</span> <span class='ocrx_word' id='word_1_263' title='bbox 750 3709 881 3774; x_wconf 74' lang='lat' dir='ltr'>post</span> <span class='ocrx_word' id='word_1_264' title='bbox 903 3704 1103 3772; x_wconf 86' lang='lat' dir='ltr'>eripere</span> <span class='ocrx_word' id='word_1_265' title='bbox 1126 3704 1440 3759; x_wconf 66' lang='lat' dir='ltr'>inscribvmt</span> <span class='ocrx_word' id='word_1_266' title='bbox 1464 3705 1535 3759; x_wconf 92' lang='lat' dir='ltr'><strong><em>H</em></strong></span> <span class='ocrx_word' id='word_1_267' title='bbox 1536 3720 1566 3760; x_wconf 85' lang='lat' dir='ltr'><strong><em>v</em></strong></span> <span class='ocrx_word' id='word_1_268' title='bbox 1743 3706 1892 3775; x_wconf 87' lang='lat' dir='ltr'>tunc]</span> <span class='ocrx_word' id='word_1_269' title='bbox 1920 3721 2046 3775; x_wconf 84' lang='lat' dir='ltr'>ergo</span> <span class='ocrx_word' id='word_1_270' title='bbox 2068 3705 2174 3760; x_wconf 91' lang='lat' dir='ltr'>tim</span> <span class='ocrx_word' id='word_1_271' title='bbox 2197 3707 2262 3773; x_wconf 87' lang='lat' dir='ltr'>P,</span> <span class='ocrx_word' id='word_1_272' title='bbox 2318 3723 2459 3762; x_wconf 80' lang='lat' dir='ltr'>eras.</span> <span class='ocrx_word' id='word_1_273' title='bbox 2484 3708 2549 3763; x_wconf 76' lang='lat' dir='ltr'>in</span> 
     </span>
     <span class='ocr_line' id='line_1_31' title="bbox 288 3790 2415 3859; baseline -0 -13"><span class='ocrx_word' id='word_1_274' title='bbox 288 3791 360 3845; x_wconf 91' lang='lat' dir='ltr'><strong><em>H</em></strong></span> <span class='ocrx_word' id='word_1_275' title='bbox 362 3810 377 3857; x_wconf 73' lang='grc' dir='ltr'><strong>ς</strong></span> <span class='ocrx_word' id='word_1_276' title='bbox 413 3790 563 3846; x_wconf 85' lang='lat' dir='ltr'>iubet</span> <span class='ocrx_word' id='word_1_277' title='bbox 587 3804 711 3859; x_wconf 89' lang='lat' dir='ltr'>ergo</span> <span class='ocrx_word' id='word_1_278' title='bbox 734 3790 869 3844; x_wconf 88' lang='lat' dir='ltr'>nudi</span> <span class='ocrx_word' id='word_1_279' title='bbox 891 3790 1163 3844; x_wconf 87' lang='lat' dir='ltr'>mucronis</span> <span class='ocrx_word' id='word_1_280' title='bbox 1187 3790 1353 3845; x_wconf 88' lang='lat' dir='ltr'>aciem</span> <span class='ocrx_word' id='word_1_281' title='bbox 1377 3808 1411 3846; x_wconf 83' lang='lat' dir='ltr'><strong><em>v</em></strong></span> <span class='ocrx_word' id='word_1_282' title='bbox 1565 3791 1600 3845; x_wconf 88' lang='lat'>9</span> <span class='ocrx_word' id='word_1_283' title='bbox 1624 3791 1842 3846; x_wconf 68' lang='lat' dir='ltr'>custode</span> <span class='ocrx_word' id='word_1_284' title='bbox 1864 3791 1919 3845; x_wconf 94' lang='grc' dir='ltr'><strong><em>Β</em></strong></span> <span class='ocrx_word' id='word_1_285' title='bbox 2074 3792 2328 3846; x_wconf 75' lang='lat' dir='ltr'>uideli*et</span> <span class='ocrx_word' id='word_1_286' title='bbox 2350 3791 2415 3845; x_wconf 92' lang='lat' dir='ltr'><strong><em>H</em></strong></span> 
     </span>
     <span class='ocr_line' id='line_1_32' title="bbox 290 3876 2413 3947; baseline 0.001 -17"><span class='ocrx_word' id='word_1_287' title='bbox 290 3877 357 3930; x_wconf 91' lang='lat'>10</span> <span class='ocrx_word' id='word_1_288' title='bbox 402 3879 619 3931; x_wconf 85' lang='lat' dir='ltr'>cunctas</span> <span class='ocrx_word' id='word_1_289' title='bbox 662 3876 741 3931; x_wconf 88' lang='lat' dir='ltr'>B¹</span> <span class='ocrx_word' id='word_1_290' title='bbox 776 3893 919 3932; x_wconf 80' lang='lat' dir='ltr'>corr.</span> <span class='ocrx_word' id='word_1_291' title='bbox 954 3893 1020 3931; x_wconf 88' lang='lat' dir='ltr'>m.</span> <span class='ocrx_word' id='word_1_292' title='bbox 1054 3881 1094 3932; x_wconf 77' lang='lat'><strong><em>2</em></strong></span> <span class='ocrx_word' id='word_1_293' title='bbox 1300 3878 1361 3932; x_wconf 94' lang='grc'>11</span> <span class='ocrx_word' id='word_1_294' title='bbox 1410 3880 1526 3932; x_wconf 86' lang='lat' dir='ltr'>tam</span> <span class='ocrx_word' id='word_1_295' title='bbox 1572 3878 1726 3947; x_wconf 91' lang='lat' dir='ltr'>petro</span> <span class='ocrx_word' id='word_1_296' title='bbox 1772 3878 1830 3933; x_wconf 90' lang='lat' dir='ltr'>P</span> <span class='ocrx_word' id='word_1_297' title='bbox 2027 3878 2308 3932; x_wconf 88' lang='lat' dir='ltr'>confitenti</span> <span class='ocrx_word' id='word_1_298' title='bbox 2356 3878 2413 3933; x_wconf 92' lang='grc' dir='ltr'><strong><em>Β</em></strong></span> 
     </span>
    </p>
   </div>
   <div class='ocr_carea' id='block_1_8' title="bbox 286 3965 2553 4155">
    <p class='ocr_par' dir='ltr' id='par_1_8' title="bbox 286 3965 2553 4155">
     <span class='ocr_line' id='line_1_33' title="bbox 288 3965 2553 4065; baseline 0 -14"><span class='ocrx_word' id='word_1_299' title='bbox 288 3998 420 4051; x_wconf 89' lang='lat' dir='ltr'>uelli</span> <span class='ocrx_word' id='word_1_300' title='bbox 466 3997 521 4051; x_wconf 92' lang='lat' dir='ltr'>P</span> <span class='ocrx_word' id='word_1_301' title='bbox 725 3998 793 4052; x_wconf 83' lang='lat'>12</span> <span class='ocrx_word' id='word_1_302' title='bbox 838 3998 977 4053; x_wconf 89' lang='lat' dir='ltr'>mori</span> <span class='ocrx_word' id='word_1_303' title='bbox 1024 4014 1142 4053; x_wconf 87' lang='lat' dir='ltr'>cum</span> <span class='ocrx_word' id='word_1_304' title='bbox 1188 3997 1291 4054; x_wconf 83' lang='lat' dir='ltr'>dfio</span> <span class='ocrx_word' id='word_1_305' title='bbox 1338 4000 1394 4051; x_wconf 87' lang='lat' dir='ltr'>et</span> <span class='ocrx_word' id='word_1_306' title='bbox 1435 3998 1573 4052; x_wconf 82' lang='lat' dir='ltr'>dixit</span> <span class='ocrx_word' id='word_1_307' title='bbox 1618 3999 1684 4065; x_wconf 89' lang='lat' dir='ltr'>P,</span> <span class='ocrx_word' id='word_1_308' title='bbox 1745 3999 1849 4054; x_wconf 81' lang='lat' dir='ltr'>dfio</span> <span class='ocrx_word' id='word_1_309' title='bbox 1885 3965 2103 4054; x_wconf 60' lang='lat' dir='ltr'>&amp;mdixit</span> <span class='ocrx_word' id='word_1_310' title='bbox 2148 3997 2230 4065; x_wconf 80' lang='lat' dir='ltr'>R,</span> <span class='ocrx_word' id='word_1_311' title='bbox 2289 3998 2427 4052; x_wconf 90' lang='lat' dir='ltr'>mori</span> <span class='ocrx_word' id='word_1_312' title='bbox 2461 3984 2553 4052; x_wconf 62' lang='lat' dir='ltr'>ilis</span> 
     </span>
     <span class='ocr_line' id='line_1_34' title="bbox 286 4082 2546 4155; baseline 0 -16"><span class='ocrx_word' id='word_1_313' title='bbox 286 4084 563 4154; x_wconf 81' lang='lat' dir='ltr'>respondit</span> <span class='ocrx_word' id='word_1_314' title='bbox 585 4100 646 4149; x_wconf 83' lang='lat' dir='ltr'>ac</span> <span class='ocrx_word' id='word_1_315' title='bbox 670 4082 807 4138; x_wconf 86' lang='lat' dir='ltr'>dixit</span> <span class='ocrx_word' id='word_1_316' title='bbox 840 4084 1001 4139; x_wconf 90' lang='lat' dir='ltr'>HBI</span> <span class='ocrx_word' id='word_1_317' title='bbox 1173 4086 1239 4139; x_wconf 87' lang='lat'>13</span> <span class='ocrx_word' id='word_1_318' title='bbox 1272 4088 1355 4140; x_wconf 88' lang='lat' dir='ltr'>ter</span> <span class='ocrx_word' id='word_1_319' title='bbox 1376 4087 1441 4139; x_wconf 86' lang='lat' dir='ltr'>tu</span> <span class='ocrx_word' id='word_1_320' title='bbox 1474 4085 1632 4140; x_wconf 84' lang='lat' dir='ltr'>HBv</span> <span class='ocrx_word' id='word_1_321' title='bbox 1804 4086 2036 4155; x_wconf 87' lang='lat' dir='ltr'>abnegas</span> <span class='ocrx_word' id='word_1_322' title='bbox 2073 4086 2144 4140; x_wconf 92' lang='lat' dir='ltr'><strong><em>H</em></strong></span> <span class='ocrx_word' id='word_1_323' title='bbox 2314 4087 2382 4140; x_wconf 85' lang='lat'>14</span> <span class='ocrx_word' id='word_1_324' title='bbox 2414 4088 2546 4140; x_wconf 88' lang='lat' dir='ltr'>tunc</span> 
     </span>
    </p>
   </div>
   <div class='ocr_carea' id='block_1_9' title="bbox 283 4188 2546 4431">
    <p class='ocr_par' dir='ltr' id='par_1_9' title="bbox 283 4188 2546 4431">
     <span class='ocr_line' id='line_1_35' title="bbox 284 4188 2545 4260; baseline -0.001 -14"><span class='ocrx_word' id='word_1_325' title='bbox 284 4208 319 4246; x_wconf 83' lang='lat' dir='ltr'><strong><em>v</em></strong></span> <span class='ocrx_word' id='word_1_326' title='bbox 523 4188 731 4244; x_wconf 58' lang='lat' dir='ltr'>futurus</span> <span class='ocrx_word' id='word_1_327' title='bbox 775 4188 842 4243; x_wconf 92' lang='lat' dir='ltr'><strong><em>H</em></strong></span> <span class='ocrx_word' id='word_1_328' title='bbox 1044 4190 1111 4244; x_wconf 87' lang='grc'>15</span> <span class='ocrx_word' id='word_1_329' title='bbox 1156 4191 1435 4260; x_wconf 86' lang='lat' dir='ltr'>apperiens</span> <span class='ocrx_word' id='word_1_330' title='bbox 1480 4190 1592 4245; x_wconf 91' lang='lat' dir='ltr'>PB</span> <span class='ocrx_word' id='word_1_331' title='bbox 1799 4191 1864 4245; x_wconf 88' lang='grc'>16</span> <span class='ocrx_word' id='word_1_332' title='bbox 1908 4205 2008 4246; x_wconf 75' lang='lat' dir='ltr'>var</span> <span class='ocrx_word' id='word_1_333' title='bbox 2041 4201 2145 4243; x_wconf 77' lang='lat' dir='ltr'>xrs</span> <span class='ocrx_word' id='word_1_334' title='bbox 2181 4203 2256 4244; x_wconf 74' lang='lat' dir='ltr'>An</span> <span class='ocrx_word' id='word_1_335' title='bbox 2292 4203 2545 4244; x_wconf 73' lang='lat' dir='ltr'>curm</span> 
     </span>
     <span class='ocr_line' id='line_1_36' title="bbox 284 4273 2546 4343; baseline 0 -14"><span class='ocrx_word' id='word_1_336' title='bbox 284 4290 496 4333; x_wconf 74' lang='lat' dir='ltr'>nvc&#39;rvs</span> <span class='ocrx_word' id='word_1_337' title='bbox 532 4291 634 4330; x_wconf 67' lang='lat' dir='ltr'>nsi·</span> <span class='ocrx_word' id='word_1_338' title='bbox 670 4290 848 4329; x_wconf 71' lang='lat' dir='ltr'>Arruns</span> <span class='ocrx_word' id='word_1_339' title='bbox 883 4276 939 4331; x_wconf 85' lang='lat' dir='ltr'><em>R</em></span> <span class='ocrx_word' id='word_1_340' title='bbox 1110 4290 1225 4329; x_wconf 66' lang='lat' dir='ltr'>mu</span> <span class='ocrx_word' id='word_1_341' title='bbox 1259 4278 1311 4339; x_wconf 83' lang='lat' dir='ltr'>(o</span> <span class='ocrx_word' id='word_1_342' title='bbox 1335 4280 1496 4343; x_wconf 79' lang='lat' dir='ltr'>eras.)</span> <span class='ocrx_word' id='word_1_343' title='bbox 1531 4276 1598 4330; x_wconf 92' lang='lat' dir='ltr'><strong><em>H</em></strong></span> <span class='ocrx_word' id='word_1_344' title='bbox 1766 4276 1958 4332; x_wconf 89' lang='lat' dir='ltr'>ductus</span> <span class='ocrx_word' id='word_1_345' title='bbox 1995 4274 2050 4329; x_wconf 94' lang='grc' dir='ltr'><strong><em>Β</em></strong></span> <span class='ocrx_word' id='word_1_346' title='bbox 2224 4275 2288 4329; x_wconf 81' lang='grc'>17</span> <span class='ocrx_word' id='word_1_347' title='bbox 2328 4273 2546 4329; x_wconf 78' lang='lat' dir='ltr'>iudeicae</span> 
     </span>
     <span class='ocr_line' id='line_1_37' title="bbox 283 4360 2545 4431; baseline 0 -15"><span class='ocrx_word' id='word_1_348' title='bbox 283 4361 338 4416; x_wconf 92' lang='grc' dir='ltr'><strong><em>Β</em></strong></span> <span class='ocrx_word' id='word_1_349' title='bbox 533 4362 600 4415; x_wconf 89' lang='grc'>18</span> <span class='ocrx_word' id='word_1_350' title='bbox 634 4361 774 4431; x_wconf 89' lang='lat' dir='ltr'>cum]</span> <span class='ocrx_word' id='word_1_351' title='bbox 812 4376 909 4416; x_wconf 89' lang='lat' dir='ltr'>con</span> <span class='ocrx_word' id='word_1_352' title='bbox 943 4361 1000 4416; x_wconf 88' lang='lat' dir='ltr'>P</span> <span class='ocrx_word' id='word_1_353' title='bbox 1180 4361 1435 4417; x_wconf 87' lang='lat' dir='ltr'>resideret</span> <span class='ocrx_word' id='word_1_354' title='bbox 1467 4373 1512 4418; x_wconf 74' lang='lat' dir='ltr'>v·</span> <span class='ocrx_word' id='word_1_355' title='bbox 1688 4361 1758 4416; x_wconf 86' lang='lat'>20</span> <span class='ocrx_word' id='word_1_356' title='bbox 1791 4362 2074 4417; x_wconf 89' lang='lat' dir='ltr'>consilium</span> <span class='ocrx_word' id='word_1_357' title='bbox 2109 4360 2165 4415; x_wconf 98' lang='grc' dir='ltr'><strong><em>Β</em></strong></span> <span class='ocrx_word' id='word_1_358' title='bbox 2335 4363 2545 4431; x_wconf 85' lang='lat' dir='ltr'>ceperat</span> 
     </span>
    </p>
   </div>
   <div class='ocr_carea' id='block_1_10' title="bbox 283 4448 625 4517">
    <p class='ocr_par' dir='ltr' id='par_1_10' title="bbox 283 4448 625 4517">
     <span class='ocr_line' id='line_1_38' title="bbox 283 4448 625 4517; baseline 0 -14"><span class='ocrx_word' id='word_1_359' title='bbox 283 4450 371 4517; x_wconf 85' lang='lat' dir='ltr'>H,</span> <span class='ocrx_word' id='word_1_360' title='bbox 431 4448 625 4504; x_wconf 82' lang='lat' dir='ltr'><em>0m.R</em></span> 
     </span>
    </p>
   </div>
  </div>
 </body>
</html>
